2840 3698
1388 70 1652 115 ...3-

390 199 879 276 quaetnflbm
897 201 1118 246 mulli·
1145 204 1316 246 tuntum
1345 200 1678 258 lociseDidymi
1707 201 1818 249 libro
1844 201 1970 259 qussi
1998 200 2198 258 supplete
2224 201 2325 254 sint,
2351 201 2525 246 omino
2552 207 2668 248 recte

389 277 992 337 uffioeffltumene.
1052 273 1165 331 quod
1193 273 1371 317 utaliis
1410 286 1576 330 quoque
1614 286 1743 330 quam
1782 271 2191 329 maximsprobsrn,
2234 271 2447 317 hocloco
2480 274 2666 331 primum

388 350 547 407 mg
570 345 953 409 ,unm-:chus
982 345 1029 388 in
1057 346 1151 388 vita
1164 343 1348 388 Solones
1377 344 1630 387 nominatim
1660 343 1823 398 attulit,
1849 347 2046 386 auctores
2074 342 2405 388 collatosoculis
2432 343 2668 402 legentium

387 415 579 473 affluo
602 418 745 464 lineet
762 420 866 460 suut
885 420 1028 459 autem
1048 416 1114 459 hi:
1144 415 1425 468 Androtio(c.
1443 413 1538 470 15),
1565 413 1882 467 Aristoteles&
1900 414 1968 457 11.
1982 412 2054 457 25.
2068 412 2668 467 astinenum-Phalereu-

383 493 442 549 (οὶ
467 491 565 546 23),
591 487 804 545 Didymus
834 487 884 540 (c.
918 487 981 539 1.),
1010 486 1257 530 Heracliden
1285 486 1490 530 Ponticus
1518 476 1570 528 (c.
1603 485 1639 527 1.
1669 484 1739 527 22.
1770 484 1839 527 31.
1869 484 1965 538 32.),
2004 483 2164 528 Heres·
2192 483 2244 536 (c.
2276 483 2381 539 10.),
2409 484 2667 543 Hermippus

383 565 466 618 (a
461 562 509 606 2.
538 561 580 604 6.
611 560 706 614 11.),
735 558 923 602 Phanias
952 557 1001 610 (c.
1035 559 1071 600 1.
1102 556 1172 600 22.
1201 556 1299 611 32),
1328 554 1556 612 Polyzelus
1586 555 1636 607 (c.
1669 554 1763 608 15),
1791 554 2108 612 Theophrastus
2135 556 2186 607 (c.
2215 555 2256 598 4.
2286 555 2394 610 31.,)
2419 554 2668 611 [Aeschines

385 634 437 688 (a
469 634 565 687 11.),
592 630 817 688 Euripides
849 630 901 683 (c.
935 630 972 671 1.
1002 628 1099 682 22),
1126 627 1336 671 Homerus
1365 627 1416 679 (c.
1447 626 1533 679 25.)
1562 624 1791 683 Sophocles
1832 628 1881 678 (c.
1916 625 1991 681 l.)].
2051 625 2104 669 de
2132 625 2286 683 quihus
2325 640 2435 683 quae
2463 627 2547 671 huc
2576 641 2666 685 per-

352 759 363 763 -
385 706 530 757 ffinmt
547 717 653 747 cum
683 701 880 744 Prinzius
920 699 1153 752 monuerit,
1191 698 1301 742 nihil
1330 698 1414 741 nisi
1452 697 1557 740 haec
1586 695 1707 739 addo.
1750 710 1896 740 eorum
1925 702 2067 740 aetate
2096 702 2377 755 postrenum,
2419 697 2667 755 Didymum,

341 764 345 765 ⁷
385 775 602 821 Ciceronis
641 772 884 828 aequalem,
927 770 1159 813 Plutarcho
1197 770 1295 813 usui
1332 769 1464 812 fuisse
1501 771 1553 811 ut
1590 767 1791 819 arbitrer,
1835 767 1973 811 tribus
2011 769 2196 811 maxime
2224 769 2350 812 rebus
2387 774 2665 822 commoveor,

386 848 571 905 primum
601 842 713 900 quod
741 842 888 886 nullus
916 842 1109 898 scriptor,
1138 845 1189 884 ut
1216 840 1342 884 modo
1372 838 1474 891 dixi,
1503 842 1645 881 aetate
1674 838 1923 895 posteriora
1937 838 2167 882 Plutarcho
2190 840 2284 896 ipso
2299 839 2485 893 affertur,
2514 839 2665 884 deiude

387 916 500 974 quod
529 929 651 958 nemo
680 915 767 958 fere
794 912 881 956 dici
908 916 1062 969 potest,
1100 913 1220 968 cujus
1250 925 1377 968 opera
1407 916 1458 954 ut
1487 908 1615 953 medii
1645 910 1759 953 inter
1787 909 2021 965 Didymum
2053 915 2097 953 et
2126 909 2402 954 Plutarchum
2432 910 2663 968 quidquam

388 986 619 1031 Plutarcho
647 982 762 1028 trudi
787 983 997 1040 potuerit,
1040 981 1221 1038 denique
1250 981 1363 1038 quod
1390 980 1647 1025 Plutarchus
1675 981 1723 1024 in
1751 994 1786 1024 c.
1819 982 1857 1023 1.
1887 980 2085 1037 Didymi,
2113 996 2196 1038 quo
2235 981 2287 1025 de
2314 981 2471 1026 Solone
2509 987 2665 1040 egerat,

387 1059 544 1102 librum
571 1054 723 1106 verbis,
751 1067 860 1110 quae
890 1058 991 1096 sunt
1005 1054 1106 1109 περὶ
1135 1053 1217 1095 τῶν
1246 1049 1408 1102 ἀξόνων
1435 1053 1519 1094 τῶν
1548 1048 1736 1101 Σόλωνος
1766 1047 2001 1109 ἀναγραφὴ
2031 1048 2141 1107 πρὸς
2165 1048 2477 1111 Ἄσκλνρτιᾰδην,
2507 1053 2661 1110 quibus

386 1128 615 1184 inscriptus
644 1130 747 1177 erat,
777 1125 842 1167 ita
869 1123 1003 1177 affert,
1032 1128 1083 1166 ut
1112 1124 1203 1181 ipse
1232 1137 1329 1166 eum
1359 1123 1592 1179 inspexisse
1623 1122 1829 1166 videatur.
1870 1127 2014 1166 tamen
2041 1122 2216 1179 Didymi
2247 1124 2364 1174 liber,
2393 1125 2550 1181 quippe
2578 1138 2663 1180 quo

310 1248 311 1252 η
384 1197 555 1242 Solonis
584 1196 637 1240 de
666 1196 832 1253 legibus
861 1196 1040 1252 copiose,
1070 1194 1122 1238 de
1150 1195 1338 1237 moribus
1368 1199 1412 1237 et
1442 1193 1566 1236 rebus
1595 1194 1728 1250 gestis
1757 1194 1941 1237 breviter
1971 1198 2016 1237 et
2045 1194 2229 1237 strictim
2254 1200 2470 1251 ageretur,
2499 1209 2584 1238 non
2613 1197 2666 1238 ut

385 1268 638 1326 praecipuus
672 1267 767 1309 fons
803 1266 1035 1308 Plutarcho
1075 1266 1246 1322 singula
1286 1266 1450 1318 omnia,
1490 1277 1598 1321 quae
1637 1264 1688 1306 de
1718 1266 1807 1321 eJus
1836 1265 1928 1307 vita
1957 1265 2118 1321 scripta
2147 1264 2347 1322 legimus,
2396 1264 2666 1322 suppeditare

386 1340 538 1397 potuit.
584 1352 669 1380 non
689 1337 790 1380 licet
809 1337 943 1393 igitur
971 1341 1133 1393 putare,
1163 1350 1271 1392 quae
1299 1335 1545 1379 tradidisset
1560 1336 1826 1392 Hermippus,
1856 1336 1930 1391 qui
1958 1336 2093 1378 vitam
2109 1334 2278 1378 Solonis
2294 1350 2377 1377 non
2402 1343 2490 1378 tam
2522 1336 2664 1394 legum

386 1409 621 1453 inventoris
650 1421 776 1464 quam
805 1407 1047 1464 philosophi
1077 1410 1122 1449 et
1149 1406 1354 1463 principis
1370 1404 1404 1459 ⁸)
1444 1407 1613 1463 quidem
1642 1407 1920 1462 sapientium,
1950 1407 2024 1462 qui
2054 1407 2221 1463 proprie
2251 1405 2469 1459 dicuntur,
2514 1405 2663 1450 descri-

384 1479 566 1524 bendam
611 1478 694 1521 sibi
739 1482 1034 1535 proposuerat,
1088 1491 1138 1520 ea
1167 1491 1195 1520 a
1224 1477 1410 1533 Didymo
1452 1479 1496 1520 in
1537 1477 1694 1520 librum
1734 1491 1857 1519 suum
1903 1481 2073 1534 recepta
2110 1491 2243 1533 eoque
2287 1476 2342 1520 ad
2388 1477 2663 1521 Plutarchum

386 1551 552 1609 perlata
580 1563 683 1593 esse.
726 1553 876 1592 contra
905 1548 1117 1605 Didymus
1148 1549 1239 1591 sine
1268 1547 1396 1591 dubio
1427 1549 1612 1605 aptiores
1641 1547 1696 1591 ad
1726 1547 1782 1599 id,
1811 1547 1923 1604 quod
1953 1548 2101 1601 voluit,
2131 1548 2270 1591 fontes
2300 1563 2426 1604 quam
2443 1549 2664 1606 Hermippi

387 1622 545 1665 librum
574 1621 658 1664 sibi
671 1620 906 1677 assumpsit
921 1619 1066 1672 veluti,
1096 1624 1146 1662 ut
1160 1634 1292 1662 unum
1310 1618 1460 1671 dicam,
1490 1619 1748 1671 Aristotelis,
1778 1633 1901 1674 quem
1932 1620 2176 1676 saepissime
2205 1620 2314 1662 alias
2345 1634 2441 1662 eum
2470 1626 2662 1663 secutum

386 1706 478 1736 esse
507 1693 619 1735 inter
648 1705 792 1734 omnes
821 1694 1001 1733 constat.
1043 1690 1178 1733 nihilo
1209 1696 1353 1733 tamen
1382 1691 1516 1733 setius
1545 1689 1756 1745 Didymus
1786 1689 2003 1741 nonnulla,
2034 1703 2141 1746 quae
2170 1689 2226 1733 ad
2255 1690 2365 1733 alias
2394 1689 2563 1733 Solonis
2591 1704 2660 1735 res

386 1764 647 1821 pertinerent
683 1767 814 1818 atque
852 1760 909 1804 ad
948 1761 1084 1818 leges,
1123 1765 1166 1804 et
1196 1776 1245 1804 ea
1275 1777 1360 1805 non
1395 1763 1459 1804 ita
1487 1761 1671 1804 breviter
1700 1761 1809 1804 libro
1838 1774 1917 1803 suo
1946 1761 2197 1804 tractavisse
2225 1760 2403 1813 videtur,
2432 1762 2586 1818 quippe
2615 1761 2663 1805 in

388 1849 472 1891 quo
500 1834 552 1877 de
580 1836 670 1891 eJ‘us
698 1837 821 1890 patre
849 1833 1104 1875 sententiam
1120 1832 1326 1875 Philoclis
1356 1831 1584 1889 cujusdam,
1613 1846 1738 1888 quem
1769 1831 1907 1874 solum
1938 1832 1983 1874 in
1998 1830 2137 1874 illare
2150 1845 2180 1874 a
2209 1846 2414 1875 consensu
2430 1838 2662 1876 ceterorum

387 1906 576 1948 omnium
590 1904 827 1960 discrepare
840 1904 1072 1955 invenerat,
1101 1903 1254 1946 referre
1283 1918 1369 1947 non
1385 1903 1584 1946 omiserit.
1630 1907 1814 1946 ceterum
1830 1901 1881 1946 de
1895 1900 2065 1945 Solonis
2080 1902 2255 1959 legibus,
2286 1918 2409 1960 quem
2426 1905 2662 1960 scripserat,

385 1976 542 2020 librum
571 1973 715 2018 eodem
755 1974 848 2017 sine
887 1973 1015 2017 dubio
1057 1974 1201 2016 omnia
1240 1973 1426 2030 undique
1465 1973 1705 2016 conferendi
1744 1972 1885 2016 studio
1916 1979 2229 2030 composuerat,
2276 1989 2358 2031 quo
2390 1975 2434 2018 in
2465 1974 2661 2017 omnibus

383 2045 506 2088 libris
535 2060 646 2088 unus
676 2049 844 2102 praeter
859 2049 1018 2088 ceteros
1049 2045 1295 2088 excellebat
1356 2059 1440 2101 qua
1470 2048 1595 2087 tanta
1624 2046 1713 2101 ejus
1744 2059 1796 2087 ex
1813 2043 2064 2087 assiduitate
2095 2049 2139 2087 et
2154 2044 2406 2102 congerendi
2437 2044 2662 2102 diligentia

382 2120 550 2174 praeter
577 2116 736 2159 multos
766 2115 875 2158 alios
892 2114 925 2169 ⁹)
955 2116 1085 2158 etiam
1117 2115 1371 2157 Plutarchus
1402 2130 1487 2158 non
1517 2114 1655 2157 solum
1686 2116 1730 2157 in
1762 2116 1854 2157 vita
1882 2113 2064 2168 Solonis,
2092 2115 2165 2158 sed
2197 2117 2328 2158 etiam
2358 2117 2403 2158 in
2434 2116 2662 2173 symposio,

384 2186 496 2243 quod
526 2187 783 2240 inscribitur,
812 2186 971 2229 tacitus
1001 2186 1236 2229 utilitatem
1266 2182 1527 2242 percepitm)

501 2268 659 2312 Aetate
688 2269 927 2326 proximum
958 2267 1145 2324 Didymo
1176 2267 1432 2310 Plutarchus
1471 2266 1595 2310 affert
1623 2266 1923 2324 Hermippum.
1963 2268 2002 2310 is
2042 2282 2150 2324 quae
2190 2273 2456 2318 narraverat,
2496 2273 2544 2311 ut
2584 2282 2660 2325 per

381 2339 615 2396 Didymum
655 2339 886 2383 Plutarcho
935 2338 1223 2391 traderentur,
1278 2353 1373 2381 cum
1405 2338 1497 2381 fieri
1526 2352 1611 2381 uon
1641 2338 1850 2396 potuerit,
1894 2337 2019 2381 facile
2049 2352 2099 2381 eo
2129 2338 2417 2396 perducimur,
2447 2344 2496 2381 ut
2525 2339 2660 2395 ipsius

381 2410 604 2468 Hermippi
632 2410 788 2454 librum
820 2424 984 2467 quoque
1014 2409 1243 2452 Plutarcho
1273 2408 1443 2452 Solonis
1484 2408 1619 2453 vitam
1659 2408 1941 2452 conscribenti
1981 2408 2037 2451 ad
2067 2422 2240 2452 manum
2271 2410 2402 2452 fuisse
2431 2422 2659 2452 sumamus.

381 2481 494 2539 quod
523 2480 692 2538 quidem
723 2482 787 2524 ita
819 2496 865 2524 se
894 2480 1048 2524 habere
1079 2480 1278 2536 quoniam
1310 2479 1505 2523 Prinzius
1534 2479 1772 2523 luculenter
1802 2478 1985 2537 singulis
2015 2481 2213 2524 tractatis
2244 2478 2569 2530 demonstravit,
2614 2477 2660 2523 id

379 2555 551 2596 tantum
579 2552 809 2609 quaeritur,
840 2552 992 2609 quibus
1022 2552 1128 2594 locis
1158 2564 1286 2607 quam
1316 2550 1404 2594 late
1433 2554 1610 2607 pateant
1640 2550 1685 2593 in
1703 2549 1959 2594 Plutarchea
1989 2550 2195 2593 relatione
2223 2550 2444 2607 Hermippi
2474 2549 2658 2607 vestigia

382 2626 428 2666 et
454 2636 582 2679 quam
611 2624 698 2666 vim
714 2623 969 2680 Hermippus
998 2622 1194 2665 habuerit
1209 2620 1391 2677 quidque
1406 2621 1634 2664 contulerit
1649 2619 1704 2663 ad
1719 2618 1887 2665 Solonis
1907 2634 1985 2674 res,
2016 2634 2124 2678 quae
2149 2621 2402 2672 ferebantur
2431 2621 2658 2666 memorias

380 2691 625 2747 tradendam
655 2708 764 2751 quae
793 2694 849 2740 ab
878 2694 976 2737 aliis
1006 2692 1224 2749 acceperit,
1254 2705 1362 2747 quae
1393 2690 1483 2748 ipse
1512 2690 1733 2744 addiderit,
1764 2704 1872 2747 quae
1902 2690 2139 2748 quaerendo
2170 2692 2260 2748 ipse
2290 2691 2509 2748 repererit,
2547 2705 2657 2748 quae

381 2762 624 2808 coniciendo
654 2765 970 2822 excogitaverit
1017 2764 1173 2807 etenim
1200 2762 1456 2819 Hermippus
1485 2762 1722 2819 composuit
1752 2761 1927 2814 librum,
1957 2776 2081 2819 quem
2112 2762 2362 2819 inscriptum
2393 2762 2521 2804 fuine
2550 2762 2655 2807 veri·

380 2833 521 2876 simile
565 2839 631 2879 est
673 2838 758 2892 βίοι
797 2837 879 2879 τῶν
918 2834 965 2879 ἐν
1009 2831 1131 2893 πάσῃ
1172 2835 1223 2891 τῇ
1264 2834 1438 2890 παιδείᾳ
1480 2829 1824 2890 διαλαμψᾰντων.
1911 2831 1962 2875 de
2002 2847 2085 2889 quo
2126 2833 2235 2876 libro
2275 2834 2444 2889 ejusque
2483 2836 2656 2878 auctore

381 2917 490 2959 quae
517 2903 709 2950 homines
738 2905 852 2951 docti
881 2906 1189 2959 disseruerunt,
1218 2905 1257 2947 si
1286 2917 1410 2947 curas
1441 2904 1619 2958 novisse,
1649 2902 1837 2946 conferas
1867 2917 2042 2959 quaeso:
2073 2902 2125 2947 A.
2156 2902 2394 2960 Lozynski,
2435 2901 2655 2961 Hermippi

381 2971 604 3030 Smyrnaei
633 2975 905 3035 Peripatetici
936 2978 1083 3034 fragm.
1114 2975 1209 3019 coll.
1240 2973 1447 3032 disposita
1475 2978 1522 3018 et
1551 2973 1778 3017 inumata.
1838 2972 2022 3018 Bonnae.
2055 2973 2180 3017 1832.
2211 2972 2256 3018 C.
2287 2972 2477 3026 Mueller,
2506 2973 2655 3031 fragm.

380 3044 479 3089 hist.
509 3043 655 3090 Graec.
685 3046 767 3091 m
797 3064 836 3106 p.
867 3049 936 3093 35.
996 3048 1065 3092 Fr.
1095 3045 1330 3099 Nietzsche,
1371 3059 1477 3089 mus.
1507 3043 1698 3088 Rhenan.
1727 3043 1810 3088 vol.
1840 3043 1910 3088 24.
1941 3060 1980 3102 p.
2015 3044 2110 3087 191.
2170 3042 2223 3088 G.
2255 3042 2443 3097 Gilboet,
2481 3042 2652 3090 studieu

525 3243 555 3292 ')
578 3257 614 3283 v.
637 3246 687 3284 M.
712 3247 893 3291 Schmidt,
917 3247 1001 3285 Did.
1027 3247 1153 3284 Chalc.
1179 3246 1311 3293 fragm.
1342 3243 1428 3281 coll.
1454 3255 1490 3291 p.
1516 3242 1692 3290 lX.—‘0)
1715 3254 1748 3279 v.
1776 3243 1825 3280 H.
1843 3242 2024 3286 Schmidt,
2050 3243 2074 3280 1.
2098 3243 2273 3290 c.p.8³0.
2310 3299 2367 3345 10
