2808 3692
886 179 1355 255 ,fflffltityram'n
1390 191 1604 252 quamde
1649 199 1698 236 re
1739 183 1915 248 publiea
1957 191 2064 235 bene
2107 190 2303 235 meritum
2345 198 2445 235 esse
2483 203 2606 237 nemo

698 306 721 314 .,
792 258 1057 317 &meles
1085 261 1191 304 satis
1216 259 1448 318 perspexit,
1475 258 1574 317 plus
1609 270 1749 315 nequo
1780 257 2110 310 imminueretur,
2134 257 2241 300 nihil
2267 256 2439 302 facilius
2466 258 2609 315 potuit

606 310 902 387 mato
930 330 1145 382 gestam
1187 326 1312 371 obiiti
1341 325 1541 373 Solonem
1569 326 1708 383 ipsum
1732 322 1839 370 ueni
1866 322 2018 368 ‘ducem
2061 323 2242 367 insulam
2266 336 2534 381 expugnasse
2558 330 2608 371 et

587 387 632 395 ”
653 390 718 437 *et
744 391 978 450 scriptores
1006 391 1226 438 referrent.
1292 393 1379 436 illis
1413 392 1545 473 igitur
1578 391 1836 469 auctoribus,
1873 403 2048 447 quorum
2082 390 2130 434 in
2163 390 2307 483 verbis
2332 395 2472 435 utrum
2500 391 2603 437 Solo

294 592 589 641 comovmse
631 596 817 647 narrant,
859 597 999 636 tamen
1039 603 1136 634 eum
1165 604 1350 635 summae
1391 590 1628 649 praefuisse
1671 604 1755 633 non
1801 596 2138 634 commemorant.
2210 603 2294 647 quo
2337 599 2394 633 ex
2434 604 2605 636 numero

214 657 302 786 ’ζ”.,’
295 654 421 737 301ιὶ
436 657 568 702 dem
596 659 679 701 nisi
710 658 974 741 Pausaniam,
1015 658 1087 712 qui
1117 670 1169 700 eo
1199 672 1320 713 quam
1349 671 1480 715 supra
1509 656 1629 700 attuli
1659 656 1756 698 loco
1794 657 1848 710 (l,
1878 655 1944 711 40,
1973 656 2032 711 5.)
2083 657 2142 699 ita
2168 658 2332 713 pergit·
2370 656 2607 737 ὁμολογοῦσι

156 1012 186 1031 ,ι
223 1004 295 1036 ere
264 926 502 1046 Ην1ᾱοωι,
548 1005 632 1047 000
674 990 778 1034 nihil
807 989 924 1032 aliud
954 989 1151 1033 Solonem
1182 988 1285 1032 fecis
1268 1004 1334 1032 550
1368 991 1447 1032 nisi
1486 991 1600 1032 01ιο5
1631 988 1685 1031 ad
1713 987 1868 1031 bellum
1905 989 2107 1032 incitasse
2144 955 2403 1034 tradebatur.
2462 992 2605 1048 Mega-

74 1050 234 1106 *rosea
261 1063 404 1103 autem
431 1069 627 1102 narrasse
650 1057 919 1100 Pisistratum
950 1057 1267 1099 Atheniensium
1308 1058 1418 1100 bello
1448 1057 1679 1099 Salaminio
1725 1054 1873 1098 ducem
1919 1054 2047 1098 fuisse
2090 1057 2216 1099 etiam
2261 1059 2395 1133 magis
2441 1072 2495 1102 cx
2539 1059 2603 1103 eis

68 1131 281 1187 pppmt,
309 1138 419 1182 quae
445 1122 559 1182 apud
585 1123 838 1168 Strabonem
872 1122 929 1177 (9.
959 1138 1002 1179 p.
1032 1122 1146 1177 394.)
1179 1124 1339 1198 scripta
1370 1124 1439 1175 legs
1426 1124 1547 1164 imus
1585 1123 1638 1165 de
1674 1122 1924 1165 diversitate
1964 1122 2072 1164 inter
2110 1125 2351 1166 memoriam
2382 1126 2605 1169 Athenien-

74 1195 196 1245 ‚sium
221 1197 267 1258 at
293 1191 600 1248 Megarensium
631 1189 923 1233 intercedenti.
984 1202 1107 1231 versu
1154 1190 1264 1232 enim
1305 1172 1473 1231 subdito
1505 1191 1579 1230 hos
1625 1189 1783 1232 dixisse
1805 1202 1832 1231 a
1859 1188 2098 1243 Pisistrato,
2138 1190 2234 1233 illos
2271 1205 2296 1232 a
2335 1190 2491 1235 Solone
2522 1191 2606 1235 Ho-

285 1281 305 1296 2
314 1259 397 1303 ud
413 1257 776 1300 Lacedaemonios
802 1256 971 1311 jndices
999 1261 1149 1299 testem
1180 1256 1413 1298 adhibitum
1445 1270 1512 1298 055
1517 1271 1538 1298 0
1570 1256 1725 1298 Strabo
1753 1258 1910 1298 narrat.
1970 1256 2082 1310 quod
2114 1257 2322 1310 quomodo
2345 1258 2501 1301 factum
2535 1258 2603 1314 sit,
2621 1271 2622 1274 ’

186 1323 193 1333 ‘
229 1329 285 1378 ,v's
298 1318 374 1362 ''ſs‘-
428 1323 532 1366 illud
563 1323 710 1367 Soloni
755 1323 1021 1366 tribuendum
1066 1336 1163 1366 esse
1209 1323 1386 1365 aliorum
1433 1329 1492 1365 te
1485 1324 1681 1364 timoniis
1723 1328 1848 1377 atque
1891 1322 2145 1364 auctoritate
2191 1329 2368 1376 constet,
2413 1293 2605 1381 intellegi

148 1379 185 1433 ιβ
211 1384 215 1390 ’
285 1393 369 1436 nisi
397 1396 528 1433 totum
557 1390 712 1433 bellum
744 1404 770 1433 a
797 1391 1023 1433 Pisistrato
1054 1389 1389 1432 administratum
1434 1404 1500 1431 055
1494 1403 1526 1431 e
1559 1390 1866 1444 Megarensium
1902 1390 2106 1432 memoria
2134 1390 2194 1431 ita
2222 1390 2434 1445 proditum
2475 1390 2604 1436 fuisse

171 1460 311 1512 ‘tamn
341 1465 387 1502 ut
414 1458 542 1500 etiam
570 1470 679 1512 quac
707 1457 751 1499 in
790 1470 899 1512 pace
928 1457 1039 1512 apud
1069 1455 1428 1500 Lacedaemonios
1474 1457 1637 1511 agenda
1668 1455 1769 1499 Solo
1807 1455 1959 1499 fecisse
2002 1462 2118 1499 recte
2161 1457 2326 1510 quidem
2372 1458 2604 1513 dicebatur,

71 1570 83 1585 7
218 1527 316 1571 duci
343 1525 571 1568 Pisistrato
601 1523 860 1575 addicerent,
892 1537 985 1565 cum
1007 1524 1287 1566 Athenienses
1318 1537 1366 1565 00
1397 1536 1503 1577 quae
1525 1524 1622 1578 ipso
1648 1522 1760 1563 bello
1782 1527 1976 1577 gesserat
1995 1522 2286 1565 odiosissimus
2308 1522 2380 1565 ille
2403 1531 2603 1579 tyrannus

86 1587 324 1639 vclarissimo
354 1590 619 1645 legumlator-i
649 1591 893 1633 tribuerent.

218 1658 402 1703 Accedit
427 1672 529 1702 vero
559 1657 674 1714 qnod
703 1657 899 1700 Solonem
928 1657 1083 1700 bellum
1113 1657 1475 1700 administravisse
1509 1670 1610 1698 0005
1641 1661 1789 1697 auctor
1817 1656 1922 1711 ipsis
1943 1656 2084 1698 verbis
2105 1657 2288 1708 negavit.
2349 1657 2603 1703 Plutarchus

0 1721 41 1787 ξ
81 1725 200 1771 ‘mim
225 1725 399 1804 sos-ipsit
428 1726 470 1767 iu
501 1738 635 1780 comp.
666 1724 752 1767 Sol.
784 1729 826 1766 et
855 1724 976 1779 Popl.
1006 1723 1050 1765 4:
1081 1726 1156 1764 τῶν
1187 1724 1313 1778 μέντοι
1334 1726 1535 1764 πολιτικῶν
1567 1724 1644 1776 (50.
1675 1725 1751 1763 τῶν
1781 1724 1850 1763 τοῦ
1872 1720 2070 1775 Σόλωνος)
2099 1722 2193 1763 οόδὲ
2218 1722 2266 1763 τὰ
2297 1723 2391 1777 πρὸς
2413 1722 2603 1779 Μεγαρεῖς

0 1781 41 1908 ξ
74 1789 290 1848 Δαῴαχος
318 1791 340 1831 ὁ
373 1789 589 1835 Πλαταιεὺς
623 1792 894 1845 μεμαρτύρηκε
896 1806 927 1845 ν,
958 1791 1091 1845 ὥσπερ
1120 1791 1228 1846 ἡμεῖς
1258 1791 1294 1831 δ
1297 1790 1555 1845 affluimus).
1617 1803 1724 1845 quae
1753 1790 1885 1831 verba
1921 1803 2013 1831 eum
2050 1787 2219 1844 plurimi
2249 1789 2466 1832 Daimachi
2499 1792 2603 1834 veri-

5 1883 41 1916 5
85 1857 168 1903 tau
197 1857 326 1900 diffisi
371 1861 528 1901 temere
557 1858 856 1912 neglexissent,
893 1872 1027 1913 nuper
1055 1858 1183 1913 paulo
1214 1858 1483 1900 artificiosius
1515 1856 1709 1912 explicax
1713 1857 1746 1897 1t
1775 1856 1980 1909 PrinziuS,
2010 1855 2170 1912 quippe
2199 1857 2270 1911 qui
2302 1858 2363 1899 eis
2395 1859 2602 1902 contineri

0 1917 38 1966 ἐξ
83 1924 361 1968 Daimachum
390 1938 459 1967 ies
489 1938 515 1966 a
544 1923 699 1967 Solone
722 1923 837 1967 bello
866 1925 1106 1978 Megarensi
1137 1930 1280 1980 gestas
1311 1938 1391 1966 non
1422 1923 1815 1966 commemoravisse
1837 1921 2110 1976 judicaverit.
2169 1924 2322 1965 atenim
2355 1924 2604 1969 Plutarchus

30 2018 31 2021 =
85 1992 124 2035 si
153 1991 199 2035 id
223 1991 440 2044 voluisset,
470 1990 665 2047 profecto
695 1991 924 2045 permultos
962 1993 1205 2047 scriptores,
1244 1993 1285 2033 in
1326 2004 1433 2046 quos
1465 1990 1573 2032 idem
1601 1989 1785 2042 caderet,
1815 1988 1966 2031 afferre
2002 1990 2151 2045 potuit.
2210 2003 2346 2045 neque
2385 2005 2484 2034 xero
2522 1993 2602 2037 hac

22 2055 24 2057 ’
76 2069 135 2127 pe
161 2059 423 2111 seutentiam,
452 2071 577 2114 quam
607 2058 872 2112 sequebatur,
904 2060 1086 2113 probare
1116 2064 1302 2114 poterat:
1336 2057 1530 2099 Solonem
1560 2056 1715 2098 virtute
1731 2055 1955 2111 Poplicola
1981 2055 2223 2098 inferiorem
2255 2056 2357 2098 fuiss
2340 2071 2395 2099 50.
2453 2072 2507 2101 00
2537 2073 2603 2103 00·

0 2127 61 2190 μζ
71 2135 213 2191 φφ
241 2137 338 2168 esse
365 2123 578 2175 censebat,
609 2124 645 2166 si
676 2138 761 2178 000
789 2137 857 2167 res
890 2138 915 2166 0
940 2126 1149 2181 scriptore
1181 2124 1360 2178 quodam
1401 2123 1625 2165 memoriae
1655 2136 1737 2164 non
1767 2127 1882 2164 esset
1909 2122 2091 2178 prodita,
2123 2135 2212 2164 eam
2244 2122 2397 2166 factam
2436 2126 2603 2169 omnino

0 2201 35 2236 a}
79 2188 169 2234 m
196 2201 292 2235 esse
320 2191 491 2247 putari?
521 2192 646 2234 immo
677 2191 758 2233 hoc
790 2191 890 2233 ferri
921 2193 1077 2246 nequit.
1138 2191 1249 2266 quod
1280 2191 1372 2245 ipse
1394 2190 1591 2244 sentiens,
1622 2189 1786 2232 etiamsi
1818 2188 1995 2231 alterum
2020 2189 2136 2243 illud,
2165 2202 2218 2232 ex
2247 2203 2329 2245 qno
2350 2191 2604 2236 Daimachus

0 2237 62 2313 ξ’ᾗ,
78 2254 284 2315 §clunem
312 2257 426 2300 bello
457 2258 699 2301 interfuisse
727 2258 1149 2313 negaverit,1nslt1n
1179 2258 1240 2299 eis
1271 2257 1425 2310 mihis,
1465 2256 1517 2298 de
1547 2257 1698 2311 quibus
1727 2257 1877 2310 agitur,
1916 2260 2056 2299 tamen
2086 2257 2184 2298 huic
2215 2271 2275 2299 101
2292 2258 2392 2298 nihil
2425 2260 2603 2303 tr·ibnen

27 2321 30 2322 ⁷
79 2321 182 2367 dm
210 2336 306 2368 esse
329 2324 509 2379 judicat,
540 2325 639 2379 quia
672 2324 915 2377 „Daimachi
948 2324 1051 2366 fides
1081 2325 1204 2366 etiam
1235 2325 1339 2366 alias
1369 2324 1538 2366 minima
1568 2323 1694 2366 sumit
1737 2322 1911 2378 (Strabo
1938 2323 1993 2365 Π.
2023 2337 2065 2378 p.
2096 2320 2163 2364 ΤΟ.
2166 2324 2224 2377 )“.
2304 2325 2379 2366 sed
2408 2339 2459 2367 ne
2490 2326 2599 2371 hanc

87 2388 254 2445 quidun
283 2392 544 2444 sententiam,
575 2404 824 2446 quamquam
856 2391 1090 2433 Bohrenius
1122 2391 1166 2444 (l.
1199 2406 1234 2433 0..
1267 2407 1308 2447 p,
1333 2390 1423 2432 189.
1455 2405 1549 2433 ann.
1576 2390 1663 2443 ⁶21.)
1695 2391 1731 2432 ei
1764 2402 1961 2432 assensus
1987 2395 2064 2441 est,
2095 2390 2287 2444 equidem
2320 2391 2602 2445 probaverim.

78 2453 180 2513 jure
209 2468 310 2501 sane
341 2457 466 2501 fidem
494 2458 651 2502 habere
680 2458 755 2500 tali
787 2458 963 2510 auctori,
996 2458 1133 2513 qualis
1164 2458 1419 2500 Daimachus
1451 2458 1579 2500 fuisse
1610 2457 1775 2509 dicitur,
1805 2456 2067 2499 dubitaveris
2098 2457 2139 2498 in
2164 2457 2226 2499 eis
2247 2458 2382 2507 rebus,
2411 2471 2518 2512 quae
2548 2459 2604 2502 ab

86 2522 185 2566 aliis
212 2534 352 2566 rerum
380 2524 661 2581 scriptoribus
686 2537 770 2567 non
800 2530 1151 2567 commemoratae
1193 2539 1268 2567 nec
1300 2539 1376 2581 per
1400 2538 1445 2567 sc
1481 2523 1732 2566 verisimiles
1762 2524 1816 2565 ab
1842 2535 1895 2566 co
1924 2523 2017 2565 solo
2054 2529 2288 2566 narrentur.
2348 2524 2421 2566 scd
2453 2525 2487 2567 51
2515 2538 2604 2570 rem

85 2588 283 2644 aliquam,
311 2602 436 2644 qum
465 2591 537 2634 alii
569 2591 845 2643 tradiderant,
876 2592 967 2647 ipse
999 2592 1179 2646 negavit,
1212 2592 1290 2632 hoc
1324 2605 1404 2633 non
1436 2592 1525 2633 sine
1564 2594 1682 2632 certa
1712 2602 1842 2633 causa
1877 2589 2031 2633 fecisse
2062 2591 2160 2632 mihi
2200 2590 2378 2633 videtur.
2437 2598 2479 2634 et
2507 2592 2603 2635 Dai-

85 2655 270 2708 machus,
301 2669 394 2698 cum
423 2658 477 2701 de
505 2670 557 2702 ea
584 2672 630 2701 re
660 2664 821 2714 agatur,
853 2673 974 2713 quam
1006 2665 1181 2714 propter
1211 2664 1440 2713 temporum
1461 2657 1813 2712 longinquitatem
1835 2657 1927 2699 sine
1949 2657 2013 2699 ira
2033 2663 2075 2699 et
2095 2658 2235 2699 studio
2257 2665 2405 2699 auctor
2425 2659 2603 2702 Athenis

43 2734 46 2739 ·
86 2734 171 2764 uon
197 2727 317 2766 ortus
346 2735 541 2768 narrasse
569 2726 715 2781 utique
744 2725 996 2780 cogitandus
1024 2730 1099 2776 est,
1144 2738 1219 2765 cur
1248 2724 1444 2766 Solonem
1476 2724 1587 2766 bello
1620 2723 1859 2766 interfuisse
1893 2724 2125 2778 negaverit,
2171 2737 2252 2766 non
2283 2724 2406 2766 aliam
2434 2738 2604 2768 causam

47 2800 49 2802 ·
83 2788 266 2845 reperiri
297 2801 422 2845 posse
452 2789 577 2835 video
604 2792 687 2834 nisi
719 2791 830 2846 quod
862 2792 915 2832 ab
960 2791 1102 2845 aliquo
1150 2797 1323 2834 auctore
1367 2790 1410 2832 id
1454 2790 1601 2846 negari
1647 2791 1738 2845 ipsc
1778 2789 2008 2832 invenerat.
2067 2791 2291 2833 exstabant
2335 2791 2465 2845 igitur
2491 2792 2606 2835 inter

84 2865 225 2898 rerum
255 2855 500 2911 scriptores,
529 2858 599 2912 qui
629 2858 730 2901 belli
760 2858 939 2913 gloriam
970 2857 1165 2899 Solonem
1197 2858 1279 2899 sibi
1309 2857 1528 2913 peperisse
1559 2861 1774 2912 negarent.
1835 2857 1987 2911 quodsi
2024 2857 2135 2900 haud
2172 2858 2231 2899 ita
2260 2870 2357 2899 raro
2391 2858 2444 2899 ad
2475 2858 2602 2902 homi·

71 2933 180 2964 nem
210 2921 483 2965 illustriorem
512 2924 567 2965 ab
595 2923 759 2968 homine
791 2925 924 2966 minus
955 2924 1178 2980 praeclaro
1209 2924 1391 2978 aliquam
1422 2937 1510 2966 rem
1541 2925 1647 2966 bene
1677 2928 1838 2978 gestam
1884 2923 2128 2967 translatam
2160 2937 2252 2966 0550
2283 2924 2602 2980 meminerimus,

0 3006 3 3022 τ
45 3040 47 3042 Γ
85 2984 258 3044 dignam
287 3001 395 3043 quae
419 2990 623 3045 probetur
649 2990 942 3047 perscrutandi
989 2990 1100 3032 viam
1145 3004 1194 3032 ac
1226 2991 1430 3032 rationem
1475 2990 1620 3042 secuti,
1666 2989 1779 3044 quod
1803 3003 1855 3033 ‘re
1882 3004 1986 3033 vera
2015 3003 2042 3033 a
2069 2991 2295 3032 Pisistrato
2340 2996 2517 3045 tyranno
2561 2996 2604 3035 et

85 3053 414 3098 Atheniensibus
445 3068 611 3112 semper
640 3058 778 3100 inviso
808 3062 852 3100 et
880 3071 906 3099 a
932 3057 1381 3112 rerum-scripmribus
1411 3057 1577 3098 minime
1621 3056 1792 3099 laudato
1825 3057 2043 3113 praeclare
2073 3063 2235 3111 gestum
2274 3065 2376 3110 erat,
2419 3057 2462 3100 id
2494 3057 2604 3102 salsa

85 3121 287 3164 memoria
316 3121 460 3165 Soloni
492 3123 758 3178 legumlatori
788 3123 1104 3180 sapientissimo
1134 3130 1177 3166 et
1197 3124 1387 3166 omnibus
1419 3123 1676 3179 temporibus
1697 3123 1766 3166 vel
1789 3123 1966 3166 maxime
1997 3123 2212 3166 celebrato
2233 3124 2477 3166 attributum
2507 3137 2602 3169 esse

86 3185 288 3230 arbitra-i
315 3201 398 3231 non
429 3189 725 3233 dubitabimus.
784 3189 980 3234 Solonem
1010 3190 1141 3245 igitur
1167 3196 1214 3233 ut
1243 3190 1366 3245 primi
1396 3190 1496 3234 belli
1529 3191 1638 3232 sacri
1670 3190 1727 3246 (v.
1758 3202 1873 3247 spec.
1905 3191 1937 3233 I.
1963 3205 2003 3246 p.
2027 3189 2109 3242 12.)
2146 3190 2204 3231 ita
2233 3189 2344 3242 belli,
2375 3202 2459 3245 quo
2489 3190 2604 3233 Sala—

16 3297 18 3299 ,
85 3251 167 3295 nis
194 3259 437 3309 expugnata
479 3262 555 3310 est,
598 3255 874 3311 Mega-ensis
918 3270 1010 3299 cum
1042 3269 1141 3300 vere
1171 3257 1387 3312 utriusque
1417 3263 1566 3300 auctor
1597 3256 1756 3310 fuisset,
1800 3270 1827 3299 a
1852 3257 2142 3313 scriptoribus,
2189 3256 2258 3311 qui
2290 3256 2380 3311 ejus
2424 3257 2603 3312 gloriam

84 3318 251 3362 aucturi
281 3332 472 3376 magnum
502 3321 614 3365 domi
645 3334 723 3365 nec
753 3323 955 3366 minorem
985 3323 1028 3365 in
1057 3322 1181 3365 bellis
1210 3335 1303 3365 eum
1336 3322 1464 3366 fuisse
1494 3322 1629 3367 videri
1660 3323 1871 3377 volebant,
1911 3323 2016 3366 falso
2055 3322 2201 3366 ducem
2238 3322 2393 3366 factum
2422 3336 2517 3367 esse
2539 3324 2603 3379 ju·

2 3398 34 3421 »τ
85 3383 312 3430 dicandum
336 3393 419 3431 est.
