2840 3698
1382 100 1674 144 -27-

511 236 668 283 θείω
691 233 995 282 autunomnia
1023 232 1221 275 nituntur
1238 219 1495 276 auctoritate
1508 229 1738 287 Hermippi,
1767 231 1934 287 praeter
1948 241 2073 284 quem
2088 241 2223 284 neque
2252 228 2653 288 apophthegmatum

393 307 768 363 neque—munuum
781 304 1035 348 collectione
1043 302 1298 347 Plutarchus
1314 316 1416 346 usus
1430 306 1506 345 est.
1535 300 1892 359 apophthegmata
1905 299 2031 352 enim,
2060 312 2169 356 quae
2182 299 2304 342 suavi
2319 299 2501 356 quadam
2517 315 2657 344 narra-

393 382 512 427 tione
538 377 713 424 inducta
738 376 884 420 omnia
914 375 969 419 ab
998 390 1047 419 eo
1078 376 1141 418 ita
1169 373 1415 427 afferuntur,
1443 378 1494 417 ut
1524 374 1706 416 maxime
1736 371 1992 415 abhorreant
2019 370 2077 414 ab
2104 370 2178 423 eis,
2206 384 2316 427 quae
2331 385 2386 413 ex
2403 371 2654 429 Apollodori

394 450 607 508 uqa-dv
633 443 887 504 φιλοσόφων
917 446 1119 503 αἱρέσεων
1147 446 1256 489 libro
1285 444 1510 502 desumpta
1538 442 1750 502 Diogenes
1784 443 1821 496 1,
1836 443 1907 486 60.
1938 441 2132 494 tradidit,
2161 456 2214 485 ex
2245 441 2501 500 Hoemippeo
2529 458 2655 501 opere

393 522 550 568 hausta
577 533 679 573 esse,
710 520 812 576 quia
827 523 933 562 satis
963 534 1013 562 eo
1043 518 1350 561 demonstrasse
1363 514 1520 567 videor,
1549 514 1731 572 quodea
1759 520 1838 557 aut
1865 529 1961 558 cum
1992 511 2293 568 ceteris‘vaut
2316 514 2487 558 interce
2503 513 2657 568 ipsa⁷⁰)

389 596 485 638 arte
511 589 732 635 cohaerere
760 596 837 633 aut
866 605 961 633 cum
992 590 1210 647 Diogenes
1236 584 1542 640 narrationen)
1557 600 1724 638 prorsus
1740 599 1969 643 congruere
1984 584 2119 628 docui.
2163 599 2215 628 ac
2228 585 2463 629 carminum
2480 585 2652 643 quidem

316 642 330 707 a
364 646 366 648 .
394 662 454 726 9¹³„
463 662 625 706 similes
655 660 853 715 quasdam
885 675 1033 704 causas
1063 660 1304 713 apparuisse
1333 662 1438 716 puto
1458 656 1736 701 Plutarchum
1767 656 1905 699 multa
1919 656 2152 714 fragmenta
2182 657 2236 700 ab
2264 655 2409 701 eodem
2425 656 2657 716 Hermippo

187 734 209 766 ,ᾗ
256 738 327 773 ’,ἱ
343 759 357 763 Λ
393 734 616 791 accepisse.
657 732 767 790 quod
797 733 966 776 etiamsi
995 747 1080 775 non
1110 732 1156 774 in
1186 730 1330 774 omnia
1359 730 1518 787 pariter
1547 728 1687 772 valere
1716 726 1924 780 videatur,
1951 731 2107 781 tamen,
2136 727 2238 771 dum
2267 729 2370 771 item
2400 730 2660 786 apparuerit,

395 820 448 848 ex
478 819 661 861 quonam
690 804 778 847 alio
808 803 924 847 fonte
952 803 1041 846 alia
1070 803 1111 845 ei
1141 801 1400 853 obvenerint,
1428 801 1570 843 omnia
1598 799 1655 842 ab
1684 799 1760 842 illo
1781 798 1992 841 translata
2011 813 2101 843 esse
2121 813 2287 843 sumere
2305 799 2464 843 licebit.
2514 815 2651 858 neque

395 891 494 919 vero
533 875 671 919 solum
710 875 967 932 Hermippus
1004 888 1058 916 ex
1087 871 1402 923 Alexandrina,
1432 885 1517 928 qua
1545 871 1766 923 utebatur,
1795 869 2043 913 collectione
2073 870 2264 927 singulos
2294 885 2440 914 versus
2469 872 2658 930 integros

396 948 440 989 iu
470 946 627 989 librum
656 960 780 989 suum
810 943 1112 1000 transscripsit,
1141 942 1216 985 sed
1244 943 1375 985 etiam
1405 947 1499 985 tota
1514 942 1706 985 carmina
1719 946 2018 999 perscrutatus,
2048 941 2149 997 quid
2168 942 2373 985 historiae
2392 942 2658 986 continerent

396 1017 464 1061 vel
493 1018 636 1076 potius
666 1016 884 1060 continere
913 1015 955 1057 ei
984 1013 1247 1065 viderentur,
1277 1014 1443 1056 ratione
1474 1029 1557 1056 non
1588 1026 1752 1070 semper
1781 1012 1860 1055 illa
1888 1011 2059 1068 quidem
2090 1012 2241 1070 digna,
2270 1027 2396 1070 quam
2427 1014 2661 1067 probemus,

395 1093 586 1133 attamen
626 1101 791 1130 summa
830 1085 1056 1143 diligentia
1095 1098 1238 1127 eruere
1276 1083 1454 1127 studuit.
1530 1098 1782 1140 quamquam
1812 1084 1974 1136 omnia,
2019 1098 2127 1139 quae
2156 1084 2211 1126 ab
2241 1084 2471 1142 Hermippo
2501 1085 2661 1129 tradita

395 1173 421 1203 e
448 1158 617 1203 Solonis
646 1157 904 1201 carminibus
934 1155 1124 1199 derivata
1154 1158 1275 1208 sunt,
1311 1156 1448 1206 ipsum
1489 1155 1672 1212 primum
1713 1155 1976 1212 excogitasse
2016 1168 2234 1198 sumamus
2269 1169 2437 1198 necesse
2466 1171 2552 1198 non
2581 1161 2660 1199 est.

394 1230 552 1274 etenim
582 1228 753 1272 dubium
785 1232 860 1279 est,
900 1242 956 1270 an
987 1227 1126 1270 multa
1156 1227 1277 1269 homo
1307 1226 1382 1269 ille
1414 1225 1751 1277 Alexandrinus,
1781 1231 1832 1269 ut
1861 1229 1953 1269 erat
1983 1226 2028 1268 in
2058 1226 2215 1269 litteris
2245 1227 2430 1270 maxime
2459 1232 2662 1281 versatus,

395 1315 448 1344 ex
479 1301 658 1343 aliorum
690 1298 1133 1355 libris-desumpserit,
1163 1297 1316 1354 quibus
1346 1297 1541 1354 plurimis
1571 1296 1624 1340 ad
1653 1297 1846 1355 singulas
1874 1296 2020 1340 omnes
2048 1311 2116 1340 res
2145 1297 2428 1355 congerendas
2453 1302 2506 1351 et,
2551 1312 2662 1355 quae

396 1371 562 1415 diversa
590 1371 641 1414 de
671 1372 732 1414 eis
761 1370 923 1413 tradita
951 1374 1110 1422 essent,
1149 1368 1434 1425 comparanda
1475 1382 1570 1411 eum
1607 1383 1731 1411 usum
1762 1383 1851 1411 esse
1880 1369 1988 1411 satis
2017 1368 2318 1411 intelleximus.
2379 1383 2484 1426 quos
2513 1373 2657 1413 autem

395 1447 568 1485 secutus
597 1443 656 1485 sit
685 1442 731 1485 in
761 1441 822 1484 eis
852 1440 976 1484 rebus
1006 1439 1248 1492 narrandis,
1287 1453 1395 1495 quae
1425 1438 1479 1481 ad
1509 1439 1698 1482 carmina
1726 1439 1861 1482 veluti
1890 1437 1947 1481 ad
1974 1438 2248 1496 principalem
2280 1440 2439 1483 fontem
2470 1441 2661 1485 revocari

395 1517 585 1571 possunt,
613 1512 658 1555 id
688 1513 867 1565 novisse,
896 1516 946 1555 ut
974 1515 1118 1554 nostra
1149 1525 1233 1553 non
1255 1510 1437 1553 multum
1462 1510 1609 1552 refert:
1640 1511 1703 1552 ita
1732 1510 1908 1552 maximi
1938 1514 2005 1553 est
2033 1510 2249 1564 momenti,
2278 1515 2328 1553 ut
2348 1525 2661 1568 cognoscamus,

399 1583 552 1641 quibus
593 1583 838 1627 auctoribus
876 1596 979 1625 usus
1018 1586 1160 1625 cetera
1198 1581 1423 1623 memoriae
1453 1580 1686 1624 tradiderit
1747 1580 1910 1638 gaudeo
1940 1581 2094 1638 igitur,
2137 1579 2248 1636 quod
2278 1594 2330 1623 ex
2361 1586 2441 1633 eis,
2470 1582 2580 1626 unde
2609 1597 2661 1627 ea

395 1655 597 1708 hauserit,
626 1654 813 1697 fontibus
843 1667 976 1696 unum
1001 1652 1152 1695 saltem
1183 1655 1227 1694 et
1256 1666 1347 1694 eum
1375 1650 1543 1707 quidem
1574 1665 1647 1708 per
1677 1652 1904 1709 longiorem
1919 1649 2145 1708 {quandam
2176 1656 2337 1703 partem
2369 1657 2583 1709 patentem
2616 1659 2661 1698 et

395 1728 486 1780 ipae
524 1726 771 1784 cognovisse
811 1724 918 1767 mihi
957 1723 1102 1767 videor
1141 1727 1185 1766 et
1223 1722 1322 1765 aliis
1358 1723 1446 1765 fore
1475 1727 1525 1765 ut
1563 1722 1735 1780 probem
1764 1737 1932 1780 sperare
1961 1736 2144 1780 possum.
2204 1728 2270 1767 est
2301 1725 2413 1766 enim
2445 1725 2660 1781 praeclara

396 1797 475 1841 illa
504 1821 559 1828 ——
591 1797 750 1855 Ephori
780 1796 978 1847 historia,
1018 1796 1138 1851 cujus
1178 1808 1283 1850 quae
1310 1792 1366 1836 ad
1401 1793 1598 1836 Solonem
1628 1793 1813 1851 pertinet
1842 1794 1976 1846 partis
2024 1807 2052 1836 a
2082 1793 2267 1838 Diodoro
2298 1795 2341 1837 in
2373 1795 2658 1840 bibliothecae

396 1882 499 1912 suae
526 1868 683 1911 librum
717 1866 758 1910 9.
787 1866 1090 1923 transscriptae
1119 1865 1356 1922 fragmenta
1386 1865 1429 1906 in
1461 1865 1670 1922 excerptis
1701 1863 1936 1918 Vaticanis,
1975 1879 2084 1922 quae
2113 1864 2333 1918 dicuntur,
2372 1871 2540 1909 servata
2569 1881 2660 1910 esse

395 1938 646 1998 Rudolphus
675 1937 867 1981 Klueber
895 1936 1137 1980 luculenter
1166 1933 1546 1989 demonstravit-⁷²)
1630 1950 1741 1992 quae
1786 1935 1924 1993 igitur
1968 1950 2022 1979 ex
2051 1935 2210 1993 Ephori
2255 1936 2365 1979 libro
2401 1936 2656 1995 Hermippus

396 2009 657 2067 repetiverit,
694 2009 936 2051 accuratius
976 2021 1173 2064 quaerere
1213 2012 1340 2063 atque
1381 2020 1588 2063 exponere
1626 2007 1748 2050 nobis
1786 2020 1901 2049 nunc
1930 2006 1985 2049 ad
2015 2012 2245 2050 extremum
2287 2007 2425 2051 liceat.

518 2078 688 2124 collata
714 2078 910 2136 Ephorea
940 2078 1116 2121 Diodori
1147 2079 1369 2120 naratione
1398 2092 1495 2119 cum
1525 2077 1746 2120 Plutarchi
1768 2077 2054 2135 Diogenisque
2072 2077 2340 2136 Hermippea,
2368 2079 2584 2130 imprimis,
2612 2084 2662 2123 ut

394 2164 510 2194 nunc
525 2150 695 2208 quidem
725 2149 952 2207 perficiam,
982 2148 1095 2206 quod
1124 2163 1249 2201 supra
1265 2149 1318 2201 (p.
1339 2148 1410 2202 70)
1425 2149 1612 2206 promisi,
1643 2162 1704 2202 ea,
1735 2162 1838 2200 quae
1867 2148 1919 2192 de
1932 2147 2102 2192 Solonis
2131 2154 2176 2192 et
2191 2147 2337 2193 Croesi
2367 2154 2576 2193 conventu
2607 2163 2659 2194 ac

396 2221 607 2278 colloquio
636 2221 693 2264 ab
725 2225 904 2277 utroque
933 2223 1172 2272 narrantur,
1201 2233 1374 2276 prorsus
1404 2224 1654 2276 congruunt.
1717 2220 1862 2276 itaque
1906 2219 1984 2263 illa
2023 2220 2131 2273 „alis
2171 2220 2356 2273 relatio“,
2395 2234 2521 2277 quam
2562 2234 2659 2264 cum

397 2291 636 2336 Herodotea
674 2292 824 2349 paucis
863 2305 1112 2349 congruere,
1151 2290 1301 2333 ceteris
1331 2289 1566 2347 discrepare
1596 2289 1791 2333 Prinzius
1820 2294 1934 2334 recte
1962 2290 2084 2343 vidit,
2113 2296 2159 2334 et
2187 2305 2313 2347 quam
2345 2290 2538 2348 equidem
2570 2305 2660 2348 per-

397 2363 551 2407 fectam
577 2365 666 2421 Jam
695 2363 925 2419 Hermippo
955 2362 1183 2405 dumtaxat
1211 2359 1591 2404 transscribendum
1622 2362 1752 2404 fuisse
1776 2360 1983 2418 judicavi,
2012 2376 2098 2405 non
2128 2362 2214 2405 alia
2243 2367 2309 2405 est
2337 2367 2465 2419 atque
2490 2361 2660 2418 Ephori,

397 2449 521 2492 quem
551 2435 691 2491 ipsum
720 2433 927 2477 Herodoti
956 2433 1112 2476 librum
1144 2433 1189 2474 in
1220 2432 1346 2475 rebus
1377 2430 1598 2474 narrandis
1628 2433 1903 2489 assumpsisse
1931 2432 2036 2476 satis
2066 2437 2244 2477 constat.
2305 2433 2406 2476 haec
2450 2447 2570 2486 vero,
2608 2437 2660 2477 ut

395 2505 585 2550 breviore
623 2504 793 2562 quidem
831 2519 956 2561 quam
997 2503 1233 2561 pulchriore
1272 2503 1587 2546 enumeratione
1617 2517 1721 2546 usus
1750 2502 1934 2546 breviter
1974 2504 2197 2560 utriusque
2228 2504 2367 2547 verbis
2398 2502 2659 2561 opponendis

396 2590 480 2620 rem
511 2576 645 2620 oculis
674 2576 907 2634 legentium
928 2575 1130 2619 subiciam
1161 2578 1205 2616 et
1234 2574 1376 2625 paucis
1412 2573 1633 2626 illustrem,
1662 2577 1763 2616 sunt
1782 2587 1843 2626 ea,
1872 2573 2029 2630 quibus
2049 2573 2223 2617 Diodori
2232 2571 2287 2628 ²⁸)
2307 2580 2351 2618 et
2372 2574 2592 2617 Plutarchi
2602 2572 2659 2629 ¹⁴)

397 2648 660 2691 narrationes
690 2648 751 2690 ita
780 2648 1003 2690 convenire
1033 2649 1148 2697 puto,
1179 2649 1227 2687 ut
1252 2646 1339 2701 jam
1370 2644 1506 2687 omnis
1537 2659 1563 2686 a
1594 2644 1803 2687 sententia
1835 2658 1930 2687 mea
1959 2643 2172 2688 dubitatio
2203 2652 2471 2688 amoveatur:

523 2718 560 2761 1.
589 2717 691 2762 Solo
722 2733 748 2761 a
779 2717 982 2761 Croeso
1012 2716 1301 2758 invitatus
1332 2714 1485 2758 Sardes
1515 2716 1716 2772 pervenit.

426 2787 573 2832 Plut.
605 2784 1189 2844 Σόλωνάφασινείςὲκὶρδεις
1214 2788 1466 2842 δεηθέντι
1647 2784 1797 2828 Diod.
1828 2784 1876 2828 fr.
1908 2785 1977 2829 26.
2046 2790 2451 2843 μετεπέμψατο
2495 2786 2542 2829 δὲ
2585 2788 2656 2830 καὶ

397 2860 465 2917 τῷ
495 2861 706 2918 Κροίσῳ
736 2855 1085 2914 παραγενόμενον.
1585 2853 1766 2899 Σόλωνα.
1801 2879 1855 2887 -
1886 2856 1938 2899 cs.
1970 2857 2017 2899 fr.
2049 2856 2090 2901 2.
2124 2880 2178 2887 —-
2211 2872 2248 2900 v.
2283 2857 2400 2912 Diog.
2437 2858 2471 2908 l,
2501 2856 2572 2900 40.

492 2998 598 3044 Ὃν.
623 3012 654 3037 c.
679 3001 714 3036 6.
740 3002 797 3037 14.
827 3002 880 3035 15.
906 2999 962 3035 28.
988 3000 1045 3034 30.

493 3057 596 3104 πη
622 3070 653 3095 0.
680 3059 737 3095 29.
761 3059 819 3096 80.

491 3116 535 3162 ²¹)
560 3129 591 3152 v.
619 3130 649 3153 c.
675 3118 875 3154 5.18.29
902 3118 958 3154 30

491 3163 535 3211 '’)
563 3163 655 3201 Rud.
681 3164 848 3207 nuber.
875 3165 967 3201 uber
990 3163 1089 3199 dic(
1077 3162 1231 3208 quelleu
1256 3161 1320 3197 des
1348 3159 1485 3197 Dicdcr
1510 3171 1580 3197 von
1607 3159 1762 3197 Sieilien
1787 3160 1839 3197 im
1862 3163 1898 3197 9.
1924 3160 2034 3198 buch.
2084 3160 2247 3197 wer-bu
2227 3172 2296 3204 urg
2324 3159 2423 3198 1888

491 3222 535 3268 ’11)

560 3223 667 3260 Diod.
692 3224 727 3260 9.
752 3223 797 3261 fr.
823 3225 858 3260 2.
882 3224 940 3261 26.
964 3224 1021 3260 27.
1047 3222 1103 3259 28.
1130 3222 1188 3257 33.
1213 3222 1271 3257 34.
1296 3219 1386 3256 edit.
1416 3218 1593 3256 Dindorfli
1621 3219 1763 3256 Teubn
1791 3219 1863 3256 vol
1892 3218 1939 3259 n
1969 3220 2069 3257 1867.

490 3282 534 3330 ⁷⁴)
560 3283 659 3320 mut.
684 3295 715 3320 c.
741 3284 796 3319 27
824 3284 882 3321 ιε.
2364 3323 2428 3368 4⁶
