2840 3698
1420 83 1711 127 ...21-

443 254 445 256 v
548 219 763 270 Ah-olnu
790 220 935 264 autem
966 215 1110 273 legum
1139 215 1468 267 enumeratione.
1504 227 1603 258 cum
1632 226 1705 256 eas
1740 210 1902 257 tabulis
1930 210 2157 266 inscriptas
2186 211 2238 254 in·
2263 210 2433 267 publico
2463 209 2694 254 collocatas

428 298 476 339 et
512 292 572 341 ab
608 288 883 335 uchonfibus
921 291 1157 343 senatuque
1193 283 1463 343 jurejurando
1500 284 1690 328 sancitas
1728 297 1820 328 esse
1859 283 2072 336 narravit,
2118 286 2221 336 ¹tum
2257 281 2430 326 demum
2470 282 2515 324 in
2555 281 2694 326 medio

429 362 573 421 eapite
600 359 671 404 25.
699 359 856 403 mirum
887 359 933 402 in
963 357 1132 400 modum
1163 361 1400 414 temporum
1429 370 1596 412 quoque
1624 355 1833 400 rationem
1861 354 1957 412 lege
1978 351 2164 398 Solones
2191 357 2403 397 mutatam
2430 356 2522 396 esse
2550 353 2693 399 adicit.

406 431 544 492 quod
572 445 649 477 cur
676 430 840 474 factum
869 429 939 480 sit,
969 427 1176 485 quomodo
1207 426 1412 484 explicari
1440 426 1587 483 possit,
1616 440 1702 470 non
1730 425 1875 479 video,
1903 426 1988 472 nisi
2017 423 2063 468 id
2091 438 2120 469 a
2148 423 2334 480 Didymo
2364 425 2567 469 omissum
2596 423 2694 468 Plu-

430 502 625 550 tstchum
658 501 731 554 eis,
761 514 868 557 quae
899 499 954 542 ab
984 499 1061 541 ino
1091 501 1323 556 acceperat,
1351 497 1398 540 in
1426 510 1552 540 suum
1580 496 1738 540 librum
1767 497 2036 554 transcriptis
2070 510 2126 540 ex
2163 495 2299 540 altero
2339 494 2456 538 fonte
2483 493 2695 540 addidi-e

429 573 745 630 sumpserimus.
805 570 1078 614 confirmatur
1108 584 1208 614 vero
1237 569 1316 612 hoc
1346 583 1408 621 eo,
1435 566 1547 624 quod
1577 568 1708 612 etiam
1737 581 1764 610 a
1793 567 1983 625 Diogene
2013 566 2123 611 illud
2151 570 2349 610 narratur
2377 570 2423 610 et
2446 580 2498 609 eo
2526 565 2696 622 quidem

432 644 543 698 loce,
573 658 626 688 ex
657 658 740 701 quo
771 641 907 685 denuo
937 655 1021 698 qua
1052 641 1276 698 diligentia
1307 638 1563 683 Plutarchus
1593 639 1727 682 vitam
1743 637 1980 696 ‘Soloneam
2010 638 2312 695 composuerit,
2340 651 2545 694 apparere
2575 637 2697 682 nobis

429 714 613 759 videtur.
676 715 827 757 ultimo
857 712 969 756 enim
1000 713 1093 755 loco
1124 712 1347 769 Diogenes,
1376 725 1472 754 cnm
1502 709 1618 767 leges
1645 708 1850 752 Soloneas
1878 714 2109 762 enumerat,
2138 708 2245 753 dicit
2273 709 2332 761 (1,
2362 707 2470 763 57.):
2530 710 2698 764 πρῶτον

434 786 481 830 δὲ
512 783 656 829 Σόλων
686 782 761 842 τὴν
789 779 992 839 τριακάδα
1021 780 1120 839 ἕνην
1148 784 1219 827 καὶ
1248 786 1349 825 νέαν
1378 776 1598 836 ὠνόμασε,
1626 813 1742 824 .....
1763 775 1917 838 ἠξίωσέ
1942 795 1987 823 τε
2021 777 2275 838 Ἀθηναίους
2301 776 2377 830 τὰς
2405 776 2563 838 ἡμέρας
2589 776 2696 824 κατὰ

434 853 614 915 σελήνην
643 853 771 910 ἄγειν,
803 853 1054 911 quibuscum
1083 853 1275 895 conferas
1305 851 1571 905 Plutarcho&
1599 865 1708 908 quae
1736 856 1858 894 sunt:
1897 848 2078 895 συνιδὼν
2107 851 2154 895 δὲ
2189 853 2263 894 τοῦ
2292 847 2424 909 μηνὸς
2453 848 2700 906 ἀνωμαλίαν

435 960 552 971 .....
584 925 704 976 ἔταξε
731 938 892 981 ταυτην
921 921 1019 980 ἔνην
1046 923 1117 965 καὶ
1148 926 1248 966 νέαν
1276 923 1515 967 καλεῖσθαι.
1570 921 1781 979 Didymen
1810 921 2007 966 videlicet
2036 922 2156 974 libro,
2186 937 2311 978 quem
2340 923 2385 965 in
2415 921 2582 981 igibus
2610 922 2699 967 des·

434 996 646 1043 cribendis
674 998 846 1039 secutus
875 998 979 1046 erat,
1007 993 1193 1048 seposito
1225 997 1269 1036 et
1298 993 1553 1050 Hermippeo
1583 993 1823 1050 assumpto,
1852 997 1902 1037 ut
1931 1007 1997 1036 res
2028 1007 2196 1036 narrare
2226 998 2428 1050 penger-et,
2458 993 2701 1047 Plutancho,

435 1082 532 1119 oum
562 1080 613 1110 ea
643 1078 751 1122 quae
780 1063 1040 1120 Hermippus
1070 1062 1121 1106 de
1151 1063 1317 1121 legibus
1346 1065 1568 1120 scripserat
1608 1078 1683 1121 per
1712 1064 1920 1108 incuriam
1949 1062 2162 1120 quandam
2193 1065 2560 1121 praetermitteret
2585 1065 2701 1122 quod

435 1137 639 1183 ultimum
668 1135 886 1188 attinent,
915 1134 995 1177 sub
1024 1131 1243 1191 aspectum
1273 1135 1403 1187 venit,
1432 1149 1517 1191 qua
1531 1149 1576 1177 re
1596 1135 1668 1187 eis,
1698 1148 1806 1192 qnae
1825 1149 1880 1178 ex
1894 1133 2105 1191 Didymeo
2136 1134 2343 1188 hauserat,
2372 1140 2422 1180 ut
2436 1135 2481 1179 id
2497 1137 2700 1181 omissum

434 1207 621 1260 adderet,
651 1210 887 1250 commotus
918 1210 994 1248 est.
1053 1204 1204 1247 deinde
1233 1205 1365 1248 etiam
1386 1205 1592 1262 quomodo
1622 1206 1761 1249 verbis
1791 1205 2046 1250 Homericis·
2087 1207 2162 1249 τοῦ
2191 1206 2272 1260 μὲν
2303 1210 2532 1262 φθίνοντος
2559 1204 2701 1265 μηνὸς,

437 1280 511 1323 τοῦ
541 1277 577 1322 δ’
579 1277 822 1332 ισταμένοιο
850 1282 1001 1320 auctor
1031 1290 1133 1319 usus
1146 1276 1217 1328 sit,
1246 1277 1429 1333 cognite,
1458 1291 1553 1320 cum
1568 1279 1657 1333 ejus
1687 1276 1993 1334 interpretandi
2021 1278 2201 1323 rationis
2221 1278 2544 1332 meminerimus,
2571 1292 2701 1335 quam

438 1350 485 1393 in
515 1349 655 1405 capite
686 1348 727 1390 3.
756 1346 981 1390 tractando
1022 1347 1241 1403 Hermippi
1272 1348 1483 1403 propriam
1523 1340 1653 1390 fuisse
1693 1347 1827 1400 docui,
1856 1350 1946 1406 ejus
1976 1349 2169 1406 vestigiis
2199 1347 2334 1392 denuo
2364 1364 2443 1392 nos
2472 1351 2702 1393 occurri-e

437 1420 672 1463 certissime
703 1418 914 1461 discimus.
975 1416 1155 1473 denique
1186 1432 1283 1460 vero
1315 1418 1418 1474 quin
1448 1419 1493 1459 in
1523 1418 1659 1461 altera
1698 1419 1851 1475 capitis
1881 1418 1949 1461 25.
1991 1424 2112 1476 parte
2153 1433 2238 1461 non
2279 1419 2456 1463 eundem
2485 1425 2702 1465 auctorem

439 1496 569 1548 atque
599 1491 644 1533 in
674 1490 812 1547 priore
842 1488 1099 1531 Plutarchus
1128 1493 1298 1531 secutus
1329 1503 1399 1541 ac,
1444 1489 1480 1530 si
1512 1489 1556 1530 ιιι
1586 1488 1666 1531 hac
1697 1489 1902 1545 Didymo,
1951 1490 1995 1532 ιιι
2025 1490 2103 1534 illa
2134 1490 2364 1547 Hermippo
2395 1506 2495 1534 usus
2524 1492 2607 1543 sit,
2652 1506 2703 1535 eo

440 1561 628 1605 dubitari
659 1560 817 1617 nequit,
848 1558 980 1616 quod,
1026 1573 1133 1616 quae
1164 1560 1209 1601 in
1240 1564 1418 1615 utraque
1458 1563 1580 1615 parte
1610 1565 1848 1614 narrantur,
1878 1561 1990 1603 inter
2020 1575 2065 1604 se
2095 1559 2346 1619 discrepant.
2405 1576 2501 1604 nam
2530 1576 2626 1606 cum
2656 1563 2703 1608 ιιι

442 1632 652 1689 principio
683 1630 812 1674 verba
843 1645 866 1673 e
898 1629 1073 1686 Didymi
1103 1629 1213 1672 libro
1244 1630 1418 1672 hausta:
1469 1625 1590 1683 ἰσχὺν
1629 1630 1674 1673 δὲ
1718 1637 1805 1680 τοῖς
1848 1627 1992 1686 νόμοις
2032 1645 2169 1675 πασιν
2205 1631 2265 1681 εἰς
2309 1629 2457 1675 ἑκατὸν
2493 1630 2705 1683 ἐνιαυτοὺς

443 1701 597 1747 ἔδωκεν
611 1702 820 1759 legantur,
850 1701 959 1744 infra
975 1699 1185 1753 Solonem,
1216 1716 1268 1744 ne
1298 1700 1399 1758 quid
1430 1706 1591 1744 mutare
1622 1701 1781 1744 civium
1811 1702 2004 1758 precibus
2035 1708 2267 1760 cogeretur,
2296 1704 2351 1747 ab
2381 1706 2452 1756 eis,
2483 1709 2530 1747 ut
2561 1702 2704 1749 decem

443 1787 579 1817 annos
626 1772 810 1815 Athenis
853 1772 1001 1815 abesse
1046 1771 1129 1815 sibi
1170 1771 1337 1824 liceret,
1382 1785 1550 1828 rogasse
1594 1772 1799 1830 scriptum
1840 1772 2042 1817 videmus.
2102 1788 2159 1817 an
2199 1775 2394 1831 sperabat
2435 1775 2508 1818 ille
2537 1774 2625 1819 fore
2654 1780 2704 1821 ut

443 1843 740 1895 Athenienses,
772 1857 869 1886 cum
900 1843 945 1885 in
975 1846 1146 1886 centum
1177 1856 1311 1885 annos
1340 1842 1453 1900 leges
1484 1846 1721 1886 servaturos
1751 1858 1796 1886 se
1824 1858 1914 1887 esse
1939 1845 2209 1900 juravissent,
2253 1844 2395 1888 decem
2425 1846 2548 1888 annis
2578 1847 2704 1891 inter·

443 1914 586 1958 missis
626 1913 794 1971 legibus
838 1916 967 1969 atque
1014 1914 1225 1956 institutis
1265 1914 1352 1957 suis
1399 1915 1460 1957 ita
1495 1920 1802 1967 assuescerent,
1847 1920 1895 1958 ut
1920 1917 2008 1972 jam
2049 1921 2214 1959 mutare
2254 1916 2447 1959 nollent?
2521 1916 2703 1960 alterum

441 1984 641 2029 videlicet
670 1983 781 2027 alter
809 1988 958 2027 auctor
983 1984 1213 2027 Plutarcho
1243 1983 1606 2042 suppeditaverat,
1651 1983 1762 2040 quod
1804 2000 1857 2028 ne
1887 1986 1978 2043 ipse
2009 2001 2086 2029 nos
2117 2002 2200 2029 non
2231 1986 2409 2038 doceret,
2438 1987 2705 2044 neglegentia

445 2054 684 2113 prohibitus
714 2058 789 2097 est.
849 2053 922 2097 sed
953 2069 1046 2097 cum
1079 2055 1259 2098 alterum
1290 2070 1317 2097 a
1347 2055 1532 2111 Didymo
1562 2055 1798 2113 praebitum
1830 2070 1919 2099 esse
1947 2058 2056 2100 satis
2085 2062 2260 2110 constet,
2309 2057 2487 2100 altenun
2518 2058 2574 2102 ab
2603 2058 2704 2102 Her·

445 2127 591 2183 mippo
621 2126 847 2182 repetitum
878 2131 981 2167 esse
998 2124 1271 2168 confirmatur
1301 2130 1344 2168 et
1374 2140 1501 2170 causa
1521 2140 1582 2179 ea,
1612 2141 1737 2183 quam
1753 2125 1949 2171 Solonem
1970 2126 2155 2171 Athenis
2184 2130 2467 2186 profecturum
2498 2129 2705 2184 habuisse,

445 2201 491 2241 et
521 2211 582 2249 ea,
613 2210 738 2252 quam
769 2195 991 2239 simulasse
1022 2197 1202 2253 scriptor
1232 2195 1347 2239 dicit.
1409 2211 1507 2239 nam
1539 2203 1716 2254 utraque
1758 2212 1853 2240 cum
1894 2199 1956 2241 eis
1985 2200 2203 2252 convenit,
2243 2215 2350 2257 quae
2390 2201 2444 2243 ab
2476 2200 2704 2259 Hermippo

447 2283 531 2311 non
550 2274 636 2310 tam
660 2266 830 2317 tradita,
861 2282 986 2323 quani
1008 2268 1250 2324 excogitata
1266 2282 1356 2310 esse
1383 2267 1574 2311 vidimus.
1605 2268 1859 2311 Plutarchus
1874 2270 1985 2312 enim
2002 2271 2189 2327 scripsit:
2221 2269 2445 2329 πρόσχψα
2464 2272 2529 2328 πῆς
2543 2268 2706 2329 πλάνης

451 2339 704 2396 ναυκληρίαν
733 2334 1020 2395 ποιησάμενος
1050 2337 1288 2389 ἐξέπλευσε,
1321 2338 1432 2396 quod
1462 2344 1560 2396 apte
1592 2340 1749 2382 sactum
1772 2354 1861 2382 esse
1883 2340 2112 2398 Hermippo
2134 2342 2366 2393 videbatur,
2396 2358 2489 2386 cum
2506 2343 2703 2387 Solonun

441 2411 531 2467 jam
562 2415 663 2453 ante
693 2409 807 2467 leges
838 2409 949 2452 latas
981 2414 1258 2452 mercaturam
1291 2410 1437 2452 secisse
1468 2410 1656 2453 dixisset.
1716 2418 1843 2467 atque
1884 2426 1967 2468 qua
1998 2427 2043 2455 re
2074 2413 2166 2470 ipsa
2195 2413 2403 2465 Solonem,
2434 2421 2481 2457 ut
2511 2414 2704 2458 Athenas

445 2480 714 2537 relinqueret,
745 2485 1000 2523 commotum
1032 2495 1121 2522 esse
1153 2486 1369 2534 narratur,
1414 2481 1594 2539 cogitari
1626 2498 1709 2523 nou
1741 2487 1904 2539 potest,
1950 2485 2031 2526 nisi
2066 2485 2108 2525 ιιι
2139 2484 2293 2528 Solone
2325 2486 2405 2527 suit
2438 2484 2532 2536 illa,
2577 2498 2703 2542 quam

447 2550 704 2609 Hermippus
734 2550 1005 2608 praedicavit,
1035 2547 1234 2608 μεσότης,
1265 2566 1347 2608 qua
1379 2551 1587 2603 imbutus,
1631 2567 1725 2595 cum
1758 2554 1946 2596 omnium
1988 2555 2151 2597 animos
2181 2555 2261 2598 sibi
2293 2556 2613 2605 conciliavisset,
2652 2570 2705 2599 ne

446 2621 612 2679 legibus
644 2637 727 2665 non
759 2622 937 2665 mutatis
970 2622 1210 2665 voluntates
1242 2623 1472 2666 multorum
1502 2638 1528 2665 a
1558 2638 1602 2666 se
1633 2623 1904 2675 abalienaret,
1935 2626 2127 2668 timuisse
2145 2628 2286 2669 fertur.
2295 2624 2350 2675 ⁵⁹)
2381 2641 2486 2683 quae
2515 2641 2611 2670 cum
2644 2627 2707 2669 ita

448 2692 557 2745 sint,
603 2694 705 2749 quin
737 2693 900 2745 omnia,
931 2707 1038 2749 quae
1070 2693 1113 2735 ιιι
1146 2694 1284 2749 capite
1316 2693 1383 2735 25.
1417 2694 1625 2751 incipiunt
1646 2709 1672 2736 a
1703 2695 1840 2738 verbis
1870 2692 2050 2739 amoen-
2079 2697 2125 2740 δὲ
2155 2699 2253 2748 κτλ.
2287 2697 2539 2740 Plutarchus
2568 2696 2706 2741 denuo

448 2777 502 2807 ex
518 2762 786 2821 Hermippeo
829 2764 874 2807 ιιι
906 2763 1060 2807 librum
1101 2779 1224 2807 suum
1257 2765 1611 2822 transscripserit,
1656 2780 1751 2808 cum
1781 2764 1967 2809 dubitari
2000 2774 2199 2824 nequeat:
2241 2771 2327 2825 jam
2360 2768 2586 2811 verisimile
2615 2783 2708 2811 esst

450 2834 712 2891 putabimus,
744 2833 919 2877 eundem
951 2839 1166 2877 auctorem
1198 2835 1429 2878 Plutarcho
1459 2850 1510 2878 ea
1530 2835 1741 2879 narranda
1770 2837 1987 2887 obtulisse
2019 2853 2126 2895 quae
2161 2840 2274 2882 intra
2289 2854 2358 2881 eos
2390 2837 2532 2882 decem
2561 2853 2709 2891 annos,

449 2918 558 2961 quos
589 2904 773 2949 Athenis
803 2906 970 2958 afuerit,
997 2905 1195 2949 Solonem
1227 2907 1362 2963 egisse
1392 2905 1507 2951 dicit.

576 3149 631 3207 ⁶⁹)
661 3148 914 3208 βουλόμενος
942 3154 1012 3196 καὶ
1043 3154 1263 3208 διαφυγεῖν
1306 3149 1355 3196 τὸ
1385 3150 1612 3209 duodenos·
1655 3156 1725 3198 καὶ
1755 3156 1969 3211 φιλαίτιον
1998 3158 2081 3200 τῶν
2104 3158 2286 3199 πολιτῶν
2315 3154 2535 3211 (ἔργμασιν
2562 3155 2610 3201 ἐν
2637 3172 2708 3212 με·

451 3219 599 3278 γᾰλοις
627 3225 763 3266 πᾶσιν
792 3220 911 3268 ἁδεῖν
938 3221 1137 3278 χαλεπόν,
1169 3221 1223 3272 ὡς
1254 3220 1377 3273 αὐτὸς
1407 3223 1573 3281 εἴρηκε.)
