2840 3698
661 1031 943 1148 sinonis
993 1074 1416 1149 Plutarohei
1464 971 1794 1151 fffitibus
1842 1079 1919 1153 et
1966 1080 2429 1155 auctoritate.

1279 1248 1637 1258 ,κκκκΜκΜσνν-Αι

588 1381 664 1443 De
693 1393 862 1438 Solonis
893 1395 1008 1438 vitae
1038 1396 1316 1440 Plutarcheae
1347 1398 1547 1451 fontibus,
1586 1404 1635 1442 ut
1666 1400 1861 1443 omittam
1896 1400 2094 1444 Heerenii
2111 1399 2142 1454 ¹)
2173 1406 2217 1445 et
2242 1402 2401 1459 Haugii
2415 1402 2449 1456 Γ·’)
2478 1401 2693 1460 opuscula,

421 1467 494 1524 qui
524 1466 627 1510 olim
656 1467 728 1510 via
743 1481 794 1509 ac
808 1467 973 1509 ratione
1003 1482 1114 1510 nunc
1130 1469 1270 1511 minus
1285 1469 1463 1525 probata
1477 1469 1698 1513 Plutarchi
1714 1471 1861 1524 fontes,
1892 1471 1966 1527 qui
1980 1471 2170 1526 fuissent,
2199 1474 2417 1528 exquirere
2431 1472 2694 1527 studuerunt,

420 1553 516 1583 cum
561 1552 694 1596 nuper
741 1537 885 1581 eodem
931 1552 1042 1581 anno
1076 1538 1202 1582 1867.
1232 1556 1271 1597 p.
1303 1539 1347 1583 C.
1380 1556 1418 1582 u.
1459 1539 1567 1583 duae
1607 1540 1924 1584 dissertationes
1965 1541 2103 1586 editae
2143 1543 2250 1597 sint,
2297 1546 2473 1600 quarum
2512 1544 2693 1587 alteram

419 1610 523 1655 Otto
553 1607 749 1662 Kenerss),
779 1609 958 1652 alteram
974 1608 1224 1666 Rudolphus
1255 1610 1382 1653 Prinz
1396 1610 1429 1665 ⁴)
1460 1612 1639 1668 scripsit,
1668 1612 1792 1655 facile
1823 1613 1917 1670 quis
1946 1613 2182 1668 mirabitur,
2211 1614 2322 1671 quod
2352 1614 2486 1658 denuo
2516 1613 2690 1658 eandem

417 1695 507 1724 rem
538 1681 673 1724 fusius
688 1681 911 1723 retractari
931 1694 1287 1737 supervacaneum
1309 1697 1396 1725 esse
1418 1698 1501 1725 non
1517 1682 1804 1739 judicaverim.
1864 1684 2024 1727 atenim
2043 1686 2261 1742 reputanti
2281 1687 2499 1744 perpaucis
2528 1685 2693 1736 saltem,

419 1751 522 1808 quid
551 1751 603 1794 de
634 1751 804 1794 illorum
835 1751 956 1794 libris
982 1750 1177 1808 judicem,
1207 1767 1340 1795 novae
1371 1754 1494 1810 hujus
1525 1755 1783 1809 quaestionis
1814 1755 1936 1811 quasi
1967 1755 2230 1799 excusandae
2260 1771 2387 1799 causa
2418 1755 2690 1814 praefandum

419 1836 520 1875 esse,
550 1822 655 1864 mihi
676 1822 868 1879 contigit,
898 1827 948 1864 ut
979 1820 1029 1865 de
1049 1822 1222 1866 Kellero
1253 1839 1349 1866 cum
1365 1826 1456 1881 ipso
1477 1825 1658 1878 Prinzio,
1687 1824 1739 1867 de
1759 1825 1928 1868 Prinzio
1949 1840 2045 1869 cum
2066 1826 2152 1870 alio
2172 1828 2263 1870 viro
2285 1827 2407 1871 docto
2428 1828 2691 1871 consentiens

418 1908 562 1936 eorum
592 1893 720 1936 verba
750 1892 829 1935 hoc
858 1892 951 1936 loco
981 1908 1147 1950 possem
1177 1895 1336 1937 referre.
1393 1910 1490 1937 nam
1522 1900 1564 1938 et
1579 1894 1799 1938 Kellerum
1829 1896 2024 1940 Prinzius
2055 1897 2161 1941 dicit
2189 1898 2235 1940 in
2266 1914 2304 1955 p.
2338 1899 2376 1942 2.
2407 1899 2692 1953 annotatione,
2763 1957 2767 1960 Δ

418 1978 472 2007 ne
501 1978 579 2007 sua
595 1963 836 2006 dissertatio
857 1978 1170 2021 supervacanea
1202 1980 1291 2008 esse
1306 1965 1509 2018 videatur,
1539 1967 1647 2009 nihil
1678 1968 1763 2010 fere
1794 1966 1847 2009 ad
1862 1968 2121 2025 propositam
2143 1970 2431 2024 quaestionem
2448 1969 2690 2013 solvendam

417 2035 614 2078 attulisse
646 2039 688 2078 et
719 2034 937 2077 Prinzium
966 2035 1172 2078 Ernestus
1204 2036 1254 2078 dc
1284 2037 1469 2079 Leutsch
1500 2038 1545 2080 in
1575 2037 1720 2095 philol.
1752 2038 1833 2080 vol.
1865 2038 1933 2081 31.
1950 2053 1989 2095 p.
2024 2039 2119 2082 135.
2151 2055 2236 2082 non
2268 2040 2406 2083 solum
2436 2042 2480 2083 in
2511 2040 2690 2098 singulis

416 2105 541 2149 rebus
572 2119 695 2162 saepe
726 2119 897 2159 errasse,
927 2105 1000 2148 sed
1015 2108 1143 2149 etiam
1175 2109 1405 2150 sententias
1437 2122 1534 2150 suas
1565 2122 1659 2150 raro
1690 2109 1950 2165 argumentis
1980 2111 2107 2152 certis
2138 2110 2446 2155 demonstrasse
2476 2113 2547 2154 ait
2579 2109 2690 2168 quod

420 2190 512 2219 cum
547 2177 608 2218 ita
639 2164 717 2228 sit,
748 2176 918 2219 illorum
949 2177 1167 2220 hominum
1199 2178 1414 2221 doctorum
1447 2193 1571 2235 opera
1603 2180 1911 2235 quaestionem,
1942 2195 2068 2238 quam
2099 2180 2236 2224 denuo
2268 2183 2506 2225 institutmi
2535 2196 2691 2233 sumus,

420 2252 634 2304 peractam
666 2262 750 2290 non
775 2249 863 2304 jam
895 2262 995 2301 esse,
1025 2263 1077 2291 ne
1109 2250 1201 2304 quis
1227 2254 1361 2306 neget,
1392 2264 1476 2291 non
1506 2254 1659 2292 metuo.
1705 2255 1751 2292 at
1781 2251 1817 2292 si
1848 2250 2193 2305 consideraveris,
2224 2253 2373 2308 quanti
2403 2254 2460 2295 sit
2490 2253 2704 2296 momenti

416 2318 462 2360 in
491 2318 616 2361 rebus
646 2317 815 2361 Solonis
845 2319 1158 2376 perscrutandis
1176 2320 1426 2362 Plutarchea
1457 2321 1558 2377 vita,
1588 2320 1815 2363 secundum
1848 2321 1981 2378 ipsius
2012 2324 2246 2365 eanuinum
2278 2338 2412 2380 pauca
2453 2324 2688 2381 fragmenta

416 2388 471 2431 ad
502 2393 689 2431 nostram
715 2392 899 2432 aetatem
930 2390 1089 2433 tradita
1119 2405 1167 2433 ac
1184 2396 1350 2433 servata
1381 2392 1540 2447 primus
1571 2390 1768 2435 videlicet
1795 2395 1838 2434 et
1862 2394 2123 2449 praecipuus,
2152 2393 2263 2436 unde
2293 2394 2546 2446 hauriamus,
2576 2394 2689 2439 fons:

415 2460 660 2517 priusquam
691 2473 790 2502 vera
820 2459 988 2503 Solonis
1019 2462 1197 2504 historia
1227 2478 1248 2504 e
1280 2462 1466 2504 fontibus
1497 2462 1568 2505 via
1608 2476 1658 2505 ac
1688 2463 1852 2504 ratione
1883 2464 2031 2506 critica
2071 2468 2192 2506 eruta
2232 2466 2471 2507 accuratius
2510 2464 2689 2508 describi

416 2531 587 2575 omnino
629 2531 783 2587 possit,
829 2531 930 2588 quid
967 2532 1238 2589 judicandum
1270 2533 1326 2575 sit
1357 2532 1407 2574 de
1437 2533 1617 2590 singulis
1649 2533 1782 2585 rebus,
1829 2547 1937 2590 quae
1977 2535 2021 2577 in
2053 2535 2132 2577 hac
2162 2535 2253 2578 vita
2283 2541 2476 2578 narratae
2506 2537 2594 2578 sint
2623 2549 2688 2579 ea·

413 2615 590 2658 rumque
621 2602 784 2659 origine
814 2607 942 2659 atque
973 2604 1237 2654 auctoritate,
1268 2603 1392 2645 certis
1424 2605 1685 2660 argumentis
1726 2604 1998 2647 statuendum
2041 2620 2130 2647 esse
2170 2605 2284 2648 haud
2324 2605 2448 2649 dubie
2478 2604 2688 2650 concedes.

417 2675 559 2729 itaque
589 2677 638 2716 ut
668 2671 723 2715 ad
738 2674 1068 2731 componendam
1086 2675 1243 2726 critica,
1275 2688 1379 2730 quae
1397 2689 1507 2717 nunc
1524 2675 1736 2732 probatur,
1767 2676 1932 2719 ratione
1947 2674 2115 2719 Solonis
2132 2677 2276 2729 vitam,
2307 2692 2432 2733 quam
2449 2678 2688 2721 tmiversam

419 2746 462 2785 et
490 2745 733 2787 continuam
764 2746 1003 2787 accuratius
1034 2745 1263 2788 describere
1295 2750 1389 2801 post
1419 2744 1594 2788 Meursii
1626 2746 1781 2789 librum
1812 2761 1923 2789 anno
1954 2762 1992 2804 p.
2019 2747 2115 2790 Chr.
2147 2764 2185 2790 n.
2222 2749 2345 2791 1632.
2376 2747 2535 2791 editum
2565 2763 2688 2793 nemo

418 2812 553 2857 adhuc
582 2819 760 2858 conatus
786 2820 861 2868 est,
892 2816 1211 2859 fundamentum
1243 2816 1361 2872 quasi
1393 2820 1647 2870 exstruatur,
1676 2817 1784 2860 hanc
1815 2832 1967 2861 novam
1985 2817 2035 2861 de
2051 2819 2327 2862 Plutarcheae
2359 2820 2471 2862 vitae
2501 2819 2689 2863 fontibus

418 2885 703 2939 quaestionem
734 2887 999 2931 instituimus
1031 2889 1092 2930 ita
1123 2892 1172 2930 ut
1202 2892 1244 2930 et
1262 2901 1320 2939 ea,
1352 2902 1458 2943 quae
1475 2887 1669 2931 Prinzius
1701 2893 1814 2932 certo
1845 2888 2160 2942 demonstravit,
2190 2905 2273 2932 non
2291 2895 2476 2946 repetam
2506 2894 2550 2934 et
2579 2903 2689 2947 quae

514 3070 540 3110 ἰ
565 3072 723 3117 Hesren,
748 3074 794 3112 de
819 3075 987 3113 fontibus
1013 3078 1051 3112 et
1068 3075 1296 3111 auctoritate
1324 3075 1484 3112 vitarum
1509 3076 1642 3121 parall.
1673 3076 1867 3113 Plutarchi
1893 3077 2228 3113 commentationes
2250 3077 2325 3117 1v..
2355 3076 2565 3125 Gottingae
2588 3078 2686 3115 182⁰.

418 3148 461 3156 —
489 3128 516 3176 ¹)
541 3131 662 3179 Haug.
685 3131 747 3170 die
764 3135 919 3180 quellen
938 3134 1133 3171 Plutarcho
1159 3134 1197 3169 in
1223 3134 1295 3171 den
1314 3134 1772 3182 lebensbeschreibuugen
1798 3135 1864 3172 der
1885 3135 2082 3173 Griocheu.
2101 3136 2312 3183 Ttibingcn.
2341 3135 2447 3173 1854.
2461 3135 2687 3183 ⁸)O.Kellsr

416 3189 510 3226 uber
533 3188 595 3227 die
627 3191 781 3238 quellsn
815 3193 882 3230 des
908 3194 1085 3230 Plutarch
1112 3192 1149 3228 in
1175 3192 1242 3229 der
1268 3193 1545 3231 lebembeschr.
1572 3194 1607 3230 d.
1635 3194 1759 3231 Solon.
1826 3194 2004 3236 Saalseld,
2036 3196 2137 3231 1867.
2176 3214 2216 3221 —
2245 3193 2273 3238 ⁴)
2301 3192 2431 3238 Prius.
2467 3194 2515 3232 de
2539 3194 2686 3233 Solonis

417 3247 635 3287 Plutus-choi
658 3250 837 3288 fontibus.
888 3253 1048 3289 Bonnae.
1079 3252 1179 3288 1867.
2377 3301 2397 3343 l
