<?xml version="1.0" encoding="UTF-8"?>
<!DOCTYPE html PUBLIC "-//W3C//DTD XHTML 1.0 Transitional//EN"
    "http://www.w3.org/TR/xhtml1/DTD/xhtml1-transitional.dtd">
<html xmlns="http://www.w3.org/1999/xhtml" xml:lang="en" lang="en">
 <head>
  <title>
</title>
<meta http-equiv="Content-Type" content="text/html;charset=utf-8" />
  <meta name='ocr-system' content='tesseract 3.04.00' />
  <meta name='ocr-capabilities' content='ocr_page ocr_carea ocr_par ocr_line ocrx_word'/>
</head>
<body>
  <div class='ocr_page' id='page_1' title='image "./quaestionessolon00begeuoft_0021.png"; bbox 0 0 2840 3698; ppageno 0'>
   <div class='ocr_carea' id='block_1_1' title="bbox 0 0 293 392">
    <p class='ocr_par' dir='ltr' id='par_1_1' title="bbox 0 0 293 392">
     <span class='ocr_line' id='line_1_1' title="bbox 0 0 293 392; baseline 0 3306"><span class='ocrx_word' id='word_1_1' title='bbox 0 0 293 392; x_wconf 95' lang='lat' dir='ltr'><strong> </strong></span> 
     </span>
    </p>
   </div>
   <div class='ocr_carea' id='block_1_2' title="bbox 0 717 349 937">
    <p class='ocr_par' dir='ltr' id='par_1_2' title="bbox 0 717 349 937">
     <span class='ocr_line' id='line_1_2' title="bbox 0 717 349 937; baseline 0 2761"><span class='ocrx_word' id='word_1_2' title='bbox 0 717 349 937; x_wconf 95' lang='lat' dir='ltr'><strong> </strong></span> 
     </span>
    </p>
   </div>
   <div class='ocr_carea' id='block_1_3' title="bbox 1367 32 1659 79">
    <p class='ocr_par' dir='ltr' id='par_1_3' title="bbox 1367 32 1659 79">
     <span class='ocr_line' id='line_1_3' title="bbox 1367 32 1659 79; baseline 0.003 -12"><span class='ocrx_word' id='word_1_3' title='bbox 1367 32 1659 79; x_wconf 75' lang='lat'><strong>..17-</strong></span> 
     </span>
    </p>
   </div>
   <div class='ocr_carea' id='block_1_4' title="bbox 372 160 2701 2844">
    <p class='ocr_par' dir='ltr' id='par_1_4' title="bbox 348 160 2643 1147">
     <span class='ocr_line' id='line_1_4' title="bbox 379 160 2639 227; baseline 0.003 -20"><span class='ocrx_word' id='word_1_4' title='bbox 379 168 468 216; x_wconf 59' lang='lat' dir='ltr'><strong>&amp;ab</strong></span> <span class='ocrx_word' id='word_1_5' title='bbox 504 163 891 224; x_wconf 54' lang='lat' dir='ltr'><strong>edm?</strong></span> <span class='ocrx_word' id='word_1_6' title='bbox 902 168 974 209; x_wconf 73' lang='lat' dir='ltr'><strong>¹·et</strong></span> <span class='ocrx_word' id='word_1_7' title='bbox 1010 177 1112 219; x_wconf 73' lang='lat' dir='ltr'><strong>quae</strong></span> <span class='ocrx_word' id='word_1_8' title='bbox 1150 163 1581 210; x_wconf 77' lang='lat' dir='ltr'><strong>iuvitseSolonese</strong></span> <span class='ocrx_word' id='word_1_9' title='bbox 1623 160 2426 226; x_wconf 67' lang='lat' dir='ltr'><strong>capite16.delaycurgouarrautur,</strong></span> <span class='ocrx_word' id='word_1_10' title='bbox 2468 167 2639 227; x_wconf 73' lang='lat' dir='ltr'><strong>prorsus</strong></span> 
     </span>
     <span class='ocr_line' id='line_1_5' title="bbox 377 225 2640 300; baseline -0.001 -12"><span class='ocrx_word' id='word_1_11' title='bbox 377 255 495 288; x_wconf 70' lang='lat' dir='ltr'><strong>nm</strong></span> <span class='ocrx_word' id='word_1_12' title='bbox 504 240 586 297; x_wconf 65' lang='lat' dir='ltr'><strong>ab,</strong></span> <span class='ocrx_word' id='word_1_13' title='bbox 604 225 1157 300; x_wconf 56' lang='lat' dir='ltr'><strong>fflaoeuratiusquidem</strong></span> <span class='ocrx_word' id='word_1_14' title='bbox 1187 238 1386 295; x_wconf 79' lang='lat' dir='ltr'><strong>exposita</strong></span> <span class='ocrx_word' id='word_1_15' title='bbox 1414 236 1722 295; x_wconf 77' lang='lat' dir='ltr'><strong>inLycurgeae</strong></span> <span class='ocrx_word' id='word_1_16' title='bbox 1750 236 1871 281; x_wconf 78' lang='lat' dir='ltr'><strong>vitae</strong></span> <span class='ocrx_word' id='word_1_17' title='bbox 1890 235 2111 295; x_wconf 74' lang='lat' dir='ltr'><strong>capitibus</strong></span> <span class='ocrx_word' id='word_1_18' title='bbox 2141 238 2181 280; x_wconf 89' lang='lat'><strong>1.</strong></span> <span class='ocrx_word' id='word_1_19' title='bbox 2210 237 2402 283; x_wconf 79' lang='lat'><strong>3.5.11.</strong></span> <span class='ocrx_word' id='word_1_20' title='bbox 2430 232 2640 298; x_wconf 77' lang='lat' dir='ltr'><strong>legantur,</strong></span> 
     </span>
     <span class='ocr_line' id='line_1_6' title="bbox 378 302 2549 373; baseline -0.002 -13"><span class='ocrx_word' id='word_1_21' title='bbox 378 318 621 373; x_wconf 56' lang='grc' dir='ltr'><strong>ψει</strong></span> <span class='ocrx_word' id='word_1_22' title='bbox 627 302 907 356; x_wconf 61' lang='lat' dir='ltr'><strong>nifiifestum</strong></span> <span class='ocrx_word' id='word_1_23' title='bbox 936 308 1030 361; x_wconf 84' lang='lat' dir='ltr'><strong>erit,</strong></span> <span class='ocrx_word' id='word_1_24' title='bbox 1059 308 1134 352; x_wconf 85' lang='lat' dir='ltr'><strong>ubi</strong></span> <span class='ocrx_word' id='word_1_25' title='bbox 1162 309 1383 365; x_wconf 85' lang='lat' dir='ltr'><strong>utriusque</strong></span> <span class='ocrx_word' id='word_1_26' title='bbox 1412 308 1543 353; x_wconf 80' lang='lat' dir='ltr'><strong>verba</strong></span> <span class='ocrx_word' id='word_1_27' title='bbox 1564 309 1692 366; x_wconf 81' lang='lat' dir='ltr'><strong>juxta</strong></span> <span class='ocrx_word' id='word_1_28' title='bbox 1721 309 1864 367; x_wconf 76' lang='lat' dir='ltr'><strong>posits</strong></span> <span class='ocrx_word' id='word_1_29' title='bbox 1892 308 2005 352; x_wconf 84' lang='lat' dir='ltr'><strong>inter</strong></span> <span class='ocrx_word' id='word_1_30' title='bbox 2032 320 2079 352; x_wconf 83' lang='lat' dir='ltr'><strong>ss</strong></span> <span class='ocrx_word' id='word_1_31' title='bbox 2108 314 2354 367; x_wconf 76' lang='lat' dir='ltr'><strong>comparata</strong></span> <span class='ocrx_word' id='word_1_32' title='bbox 2380 310 2549 355; x_wconf 73' lang='lat' dir='ltr'><strong>fuerint.</strong></span> 
     </span>
     <span class='ocr_line' id='line_1_7' title="bbox 408 374 2539 437; baseline 0 -13.012"><span class='ocrx_word' id='word_1_33' title='bbox 408 378 547 429; x_wconf 47' lang='lat' dir='ltr'><strong>:wli</strong></span> <span class='ocrx_word' id='word_1_34' title='bbox 542 390 611 429; x_wconf 82' lang='grc' dir='ltr'><strong>ο.-</strong></span> <span class='ocrx_word' id='word_1_35' title='bbox 615 378 692 425; x_wconf 74' lang='grc'><strong>16.</strong></span> <span class='ocrx_word' id='word_1_36' title='bbox 736 374 831 423; x_wconf 76' lang='grc' dir='ltr'><strong>ἀλλ’</strong></span> <span class='ocrx_word' id='word_1_37' title='bbox 861 377 1018 428; x_wconf 74' lang='grc' dir='ltr'><strong>ἐκεῖνος</strong></span> <span class='ocrx_word' id='word_1_38' title='bbox 1046 379 1127 434; x_wconf 75' lang='grc' dir='ltr'><strong>μὲν</strong></span> <span class='ocrx_word' id='word_1_39' title='bbox 1155 378 1449 429; x_wconf 71' lang='grc' dir='ltr'><strong><em>ἑνδέκατος</em></strong></span> <span class='ocrx_word' id='word_1_40' title='bbox 1595 378 1699 436; x_wconf 81' lang='lat' dir='ltr'><strong>Lyc.</strong></span> <span class='ocrx_word' id='word_1_41' title='bbox 1733 380 1771 422; x_wconf 89' lang='lat'><strong>1.</strong></span> <span class='ocrx_word' id='word_1_42' title='bbox 1802 378 2079 423; x_wconf 71' lang='grc' dir='ltr'><strong>ἑνδέκατον</strong></span> <span class='ocrx_word' id='word_1_43' title='bbox 2106 375 2192 435; x_wconf 73' lang='grc' dir='ltr'><strong>ἀφ’</strong></span> <span class='ocrx_word' id='word_1_44' title='bbox 2217 377 2539 437; x_wconf 76' lang='grc' dir='ltr'><strong>Ἡρακλέους.</strong></span> 
     </span>
     <span class='ocr_line' id='line_1_8' title="bbox 374 449 837 513; baseline 0 -18"><span class='ocrx_word' id='word_1_45' title='bbox 374 449 467 513; x_wconf 62' lang='lat'><strong>1⁵9³</strong></span> <span class='ocrx_word' id='word_1_46' title='bbox 488 450 585 509; x_wconf 70' lang='grc' dir='ltr'><strong>Ἤρ</strong></span> <span class='ocrx_word' id='word_1_47' title='bbox 599 451 837 500; x_wconf 76' lang='grc' dir='ltr'><strong>ακλέους.</strong></span> 
     </span>
     <span class='ocr_line' id='line_1_9' title="bbox 372 517 2640 581; baseline -0.001 -12"><span class='ocrx_word' id='word_1_48' title='bbox 372 523 446 569; x_wconf 60' lang='grc' dir='ltr'><strong>ἀἱ</strong></span> <span class='ocrx_word' id='word_1_49' title='bbox 470 519 884 581; x_wconf 72' lang='grc' dir='ltr'><strong>βεβασιλευκὼς</strong></span> <span class='ocrx_word' id='word_1_50' title='bbox 914 520 985 579; x_wconf 79' lang='grc' dir='ltr'><strong>ἔτη</strong></span> <span class='ocrx_word' id='word_1_51' title='bbox 1015 518 1154 565; x_wconf 81' lang='grc' dir='ltr'><strong>πολλὰ</strong></span> <span class='ocrx_word' id='word_1_52' title='bbox 1614 520 1718 576; x_wconf 87' lang='lat' dir='ltr'><strong>Lyc.</strong></span> <span class='ocrx_word' id='word_1_53' title='bbox 1750 521 1790 564; x_wconf 86' lang='lat'><strong>3.</strong></span> <span class='ocrx_word' id='word_1_54' title='bbox 1854 518 1939 565; x_wconf 80' lang='grc' dir='ltr'><strong>ἔδει</strong></span> <span class='ocrx_word' id='word_1_55' title='bbox 1987 517 2332 578; x_wconf 71' lang='grc' dir='ltr'><strong>βασιλεύειν,</strong></span> <span class='ocrx_word' id='word_1_56' title='bbox 2386 517 2442 571; x_wconf 70' lang='grc' dir='ltr'><strong>ὃς</strong></span> <span class='ocrx_word' id='word_1_57' title='bbox 2484 519 2640 572; x_wconf 71' lang='grc' dir='ltr'><strong>πάντες</strong></span> 
     </span>
     <span class='ocr_line' id='line_1_10' title="bbox 390 587 2087 650; baseline 0 -15"><span class='ocrx_word' id='word_1_58' title='bbox 390 625 412 635; x_wconf 14' lang='grc'><strong>7.</strong></span> <span class='ocrx_word' id='word_1_59' title='bbox 460 617 463 620; x_wconf 91' lang='grc'>-</span> <span class='ocrx_word' id='word_1_60' title='bbox 1562 588 1703 650; x_wconf 62' lang='grc' dir='ltr'><strong>ᾤοντο,</strong></span> <span class='ocrx_word' id='word_1_61' title='bbox 1731 587 1806 635; x_wconf 73' lang='grc' dir='ltr'><strong>τὸν</strong></span> <span class='ocrx_word' id='word_1_62' title='bbox 1835 593 2087 648; x_wconf 72' lang='grc' dir='ltr'><strong>Λυκοῦργον.</strong></span> 
     </span>
     <span class='ocr_line' id='line_1_11' title="bbox 372 659 2640 729; baseline -0.001 -20"><span class='ocrx_word' id='word_1_63' title='bbox 372 667 448 729; x_wconf 53' lang='grc' dir='ltr'><strong>και</strong></span> <span class='ocrx_word' id='word_1_64' title='bbox 470 666 759 727; x_wconf 70' lang='grc' dir='ltr'><strong>βίφμᾶλλον</strong></span> <span class='ocrx_word' id='word_1_65' title='bbox 789 662 815 723; x_wconf 81' lang='grc' dir='ltr'><strong><em>ἥ</em></strong></span> <span class='ocrx_word' id='word_1_66' title='bbox 845 669 999 709; x_wconf 65' lang='grc' dir='ltr'><strong>πειθοῖ</strong></span> <span class='ocrx_word' id='word_1_67' title='bbox 1025 659 1363 722; x_wconf 78' lang='grc' dir='ltr'><strong>χρησάμενος</strong></span> <span class='ocrx_word' id='word_1_68' title='bbox 1598 662 1703 719; x_wconf 88' lang='lat' dir='ltr'><strong>Lyc.</strong></span> <span class='ocrx_word' id='word_1_69' title='bbox 1733 661 1775 705; x_wconf 80' lang='lat'><strong>5.</strong></span> <span class='ocrx_word' id='word_1_70' title='bbox 1806 659 2026 718; x_wconf 76' lang='grc' dir='ltr'><strong>τριάκοντα</strong></span> <span class='ocrx_word' id='word_1_71' title='bbox 2044 659 2344 719; x_wconf 70' lang='grc' dir='ltr'><strong>τοὸςπρότους</strong></span> <span class='ocrx_word' id='word_1_72' title='bbox 2369 659 2509 718; x_wconf 62' lang='grc' dir='ltr'><strong>μετὰ</strong></span> <span class='ocrx_word' id='word_1_73' title='bbox 2536 665 2640 706; x_wconf 66' lang='lat' dir='ltr'><strong>niv</strong></span> 
     </span>
     <span class='ocr_line' id='line_1_12' title="bbox 1560 729 2641 818; baseline 0.003 -42.3"><span class='ocrx_word' id='word_1_74' title='bbox 1560 729 1740 776; x_wconf 70' lang='grc' dir='ltr'><strong>ὃπλων</strong></span> <span class='ocrx_word' id='word_1_75' title='bbox 1754 731 1892 777; x_wconf 67' lang='grc' dir='ltr'><em>ἔωθεν</em></span> <span class='ocrx_word' id='word_1_76' title='bbox 1906 732 1966 782; x_wconf 78' lang='grc' dir='ltr'><strong>εἰς</strong></span> <span class='ocrx_word' id='word_1_77' title='bbox 1975 730 2641 818; x_wconf 65' lang='grc' dir='ltr'><strong>ἆγορὰνπροσελθεῖνέιστλὴξεος</strong></span> 
     </span>
     <span class='ocr_line' id='line_1_13' title="bbox 1562 801 2639 887; baseline 0.002 -39"><span class='ocrx_word' id='word_1_78' title='bbox 1562 802 1684 887; x_wconf 54' lang='grc' dir='ltr'><strong>ἕνεκα</strong></span> <span class='ocrx_word' id='word_1_79' title='bbox 1710 805 1783 847; x_wconf 72' lang='grc' dir='ltr'><strong>καὶ</strong></span> <span class='ocrx_word' id='word_1_80' title='bbox 1814 801 1950 861; x_wconf 79' lang='grc' dir='ltr'><strong>φόβου</strong></span> <span class='ocrx_word' id='word_1_81' title='bbox 1995 802 2103 860; x_wconf 80' lang='grc' dir='ltr'><strong>πρὸς</strong></span> <span class='ocrx_word' id='word_1_82' title='bbox 2141 820 2237 854; x_wconf 82' lang='grc' dir='ltr'><strong>τους</strong></span> <span class='ocrx_word' id='word_1_83' title='bbox 2275 801 2639 862; x_wconf 66' lang='grc' dir='ltr'><strong>ἀντιπράττοντας</strong></span> 
     </span>
     <span class='ocr_line' id='line_1_14' title="bbox 1563 871 2643 933; baseline 0 -14"><span class='ocrx_word' id='word_1_84' title='bbox 1563 874 1782 919; x_wconf 70' lang='grc' dir='ltr'><strong>υνεῖιιοσι</strong></span> <span class='ocrx_word' id='word_1_85' title='bbox 1812 872 1909 924; x_wconf 76' lang='grc' dir='ltr'><strong>τοὺς</strong></span> <span class='ocrx_word' id='word_1_86' title='bbox 1938 872 2307 931; x_wconf 67' lang='grc' dir='ltr'><strong>ἐπιφανεστατους</strong></span> <span class='ocrx_word' id='word_1_87' title='bbox 2326 871 2643 933; x_wconf 69' lang='grc' dir='ltr'><strong>’Βρμιππος</strong></span> 
     </span>
     <span class='ocr_line' id='line_1_15' title="bbox 1562 941 1808 1001; baseline 0.004 -1"><span class='ocrx_word' id='word_1_88' title='bbox 1562 941 1808 1001; x_wconf 62' lang='grc' dir='ltr'><strong>ἀνέγραφεν</strong></span> 
     </span>
     <span class='ocr_line' id='line_1_16' title="bbox 374 1013 2640 1076; baseline -0.003 -10"><span class='ocrx_word' id='word_1_89' title='bbox 374 1018 480 1066; x_wconf 72' lang='grc' dir='ltr'><strong>ὅστε</strong></span> <span class='ocrx_word' id='word_1_90' title='bbox 506 1021 580 1064; x_wconf 74' lang='grc' dir='ltr'><strong>καὶ</strong></span> <span class='ocrx_word' id='word_1_91' title='bbox 607 1015 696 1063; x_wconf 68' lang='grc' dir='ltr'><strong>τὸν</strong></span> <span class='ocrx_word' id='word_1_92' title='bbox 723 1014 1005 1073; x_wconf 72' lang='grc' dir='ltr'><strong>ὀφθαλμὸν</strong></span> <span class='ocrx_word' id='word_1_93' title='bbox 1034 1014 1336 1073; x_wconf 72' lang='grc' dir='ltr'><strong>ἐκκοπῆναι.</strong></span> <span class='ocrx_word' id='word_1_94' title='bbox 1604 1015 1707 1072; x_wconf 84' lang='lat' dir='ltr'><strong>Lyc.</strong></span> <span class='ocrx_word' id='word_1_95' title='bbox 1742 1015 1809 1060; x_wconf 87' lang='lat'><strong>11.</strong></span> <span class='ocrx_word' id='word_1_96' title='bbox 1854 1013 2093 1072; x_wconf 70' lang='grc' dir='ltr'><strong>’Ἄλκανδρος</strong></span> <span class='ocrx_word' id='word_1_97' title='bbox 2132 1050 2142 1060; x_wconf 88' lang='grc'><strong>.</strong></span> <span class='ocrx_word' id='word_1_98' title='bbox 2193 1050 2203 1060; x_wconf 93' lang='grc'><strong>.</strong></span> <span class='ocrx_word' id='word_1_99' title='bbox 2254 1050 2265 1060; x_wconf 93' lang='grc'><strong>.</strong></span> <span class='ocrx_word' id='word_1_100' title='bbox 2317 1050 2328 1060; x_wconf 90' lang='grc'><strong>.</strong></span> <span class='ocrx_word' id='word_1_101' title='bbox 2358 1018 2409 1076; x_wconf 74' lang='grc' dir='ltr'><strong>τῇ</strong></span> <span class='ocrx_word' id='word_1_102' title='bbox 2437 1020 2640 1076; x_wconf 56' lang='grc' dir='ltr'><strong>βαι-τρία</strong></span> 
     </span>
     <span class='ocr_line' id='line_1_17' title="bbox 1559 1084 2464 1147; baseline 0.002 -17"><span class='ocrx_word' id='word_1_103' title='bbox 1559 1084 1749 1138; x_wconf 81' lang='grc' dir='ltr'><strong>πατάξας</strong></span> <span class='ocrx_word' id='word_1_104' title='bbox 1775 1085 1863 1131; x_wconf 71' lang='grc' dir='ltr'><strong>τὸν</strong></span> <span class='ocrx_word' id='word_1_105' title='bbox 1890 1084 2166 1143; x_wconf 69' lang='grc' dir='ltr'><strong>ὀφθαλμὸν</strong></span> <span class='ocrx_word' id='word_1_106' title='bbox 2195 1086 2464 1147; x_wconf 70' lang='grc' dir='ltr'><strong>ἐξέκοψεν.</strong></span> 
     </span>
    </p>

    <p class='ocr_par' dir='ltr' id='par_1_5' title="bbox 375 1157 2640 1489">
     <span class='ocr_line' id='line_1_18' title="bbox 493 1157 2640 1218; baseline -0 -14"><span class='ocrx_word' id='word_1_107' title='bbox 493 1160 741 1218; x_wconf 80' lang='lat' dir='ltr'><strong>Lycurgeae</strong></span> <span class='ocrx_word' id='word_1_108' title='bbox 771 1163 915 1202; x_wconf 87' lang='lat' dir='ltr'><strong>autem</strong></span> <span class='ocrx_word' id='word_1_109' title='bbox 944 1159 1060 1201; x_wconf 85' lang='lat' dir='ltr'><strong>vitae</strong></span> <span class='ocrx_word' id='word_1_110' title='bbox 1089 1158 1232 1214; x_wconf 87' lang='lat' dir='ltr'><strong>capita</strong></span> <span class='ocrx_word' id='word_1_111' title='bbox 1250 1157 1385 1201; x_wconf 79' lang='grc'><strong>1.-5,</strong></span> <span class='ocrx_word' id='word_1_112' title='bbox 1417 1162 1461 1200; x_wconf 89' lang='lat' dir='ltr'><strong>et</strong></span> <span class='ocrx_word' id='word_1_113' title='bbox 1478 1159 1543 1201; x_wconf 93' lang='grc'><strong>11.</strong></span> <span class='ocrx_word' id='word_1_114' title='bbox 1574 1174 1626 1202; x_wconf 87' lang='lat' dir='ltr'><strong>ex</strong></span> <span class='ocrx_word' id='word_1_115' title='bbox 1642 1158 1864 1217; x_wconf 82' lang='lat' dir='ltr'><strong>Hermippi</strong></span> <span class='ocrx_word' id='word_1_116' title='bbox 1882 1159 2004 1203; x_wconf 86' lang='lat' dir='ltr'><strong>libris</strong></span> <span class='ocrx_word' id='word_1_117' title='bbox 2033 1159 2188 1202; x_wconf 84' lang='lat' dir='ltr'><strong>hausta</strong></span> <span class='ocrx_word' id='word_1_118' title='bbox 2206 1174 2296 1203; x_wconf 85' lang='lat' dir='ltr'><strong>esse</strong></span> <span class='ocrx_word' id='word_1_119' title='bbox 2311 1159 2434 1203; x_wconf 84' lang='lat' dir='ltr'><strong>modo</strong></span> <span class='ocrx_word' id='word_1_120' title='bbox 2463 1174 2640 1204; x_wconf 76' lang='lat' dir='ltr'><strong>conme-</strong></span> 
     </span>
     <span class='ocr_line' id='line_1_19' title="bbox 377 1229 2639 1287; baseline -0.002 -10"><span class='ocrx_word' id='word_1_121' title='bbox 377 1233 552 1277; x_wconf 77' lang='lat' dir='ltr'><strong>moravi.</strong></span> <span class='ocrx_word' id='word_1_122' title='bbox 629 1245 764 1287; x_wconf 88' lang='lat' dir='ltr'><strong>neque</strong></span> <span class='ocrx_word' id='word_1_123' title='bbox 792 1245 892 1273; x_wconf 82' lang='lat' dir='ltr'><strong>vero</strong></span> <span class='ocrx_word' id='word_1_124' title='bbox 923 1230 1033 1273; x_wconf 86' lang='lat' dir='ltr'>nihil</span> <span class='ocrx_word' id='word_1_125' title='bbox 1063 1230 1146 1272; x_wconf 88' lang='lat' dir='ltr'><strong>nisi</strong></span> <span class='ocrx_word' id='word_1_126' title='bbox 1175 1229 1280 1272; x_wconf 87' lang='lat' dir='ltr'><strong>haec</strong></span> <span class='ocrx_word' id='word_1_127' title='bbox 1318 1229 1468 1281; x_wconf 83' lang='lat' dir='ltr'><strong>verba,</strong></span> <span class='ocrx_word' id='word_1_128' title='bbox 1511 1230 1601 1272; x_wconf 86' lang='lat' dir='ltr'><strong>sive</strong></span> <span class='ocrx_word' id='word_1_129' title='bbox 1640 1245 1669 1273; x_wconf 90' lang='lat' dir='ltr'><strong>a</strong></span> <span class='ocrx_word' id='word_1_130' title='bbox 1711 1230 1943 1274; x_wconf 79' lang='lat' dir='ltr'><strong>Plutarcho</strong></span> <span class='ocrx_word' id='word_1_131' title='bbox 1982 1231 2208 1274; x_wconf 78' lang='lat' dir='ltr'><strong>memoriae</strong></span> <span class='ocrx_word' id='word_1_132' title='bbox 2248 1235 2416 1274; x_wconf 75' lang='lat' dir='ltr'><strong>servata</strong></span> <span class='ocrx_word' id='word_1_133' title='bbox 2459 1232 2550 1275; x_wconf 77' lang='lat' dir='ltr'><strong>sive</strong></span> <span class='ocrx_word' id='word_1_134' title='bbox 2594 1231 2639 1273; x_wconf 89' lang='lat' dir='ltr'><strong>in</strong></span> 
     </span>
     <span class='ocr_line' id='line_1_20' title="bbox 376 1300 2640 1359; baseline -0.001 -11"><span class='ocrx_word' id='word_1_135' title='bbox 376 1304 490 1348; x_wconf 87' lang='lat' dir='ltr'><strong>hunc</strong></span> <span class='ocrx_word' id='word_1_136' title='bbox 519 1303 658 1345; x_wconf 90' lang='lat' dir='ltr'><strong>locum</strong></span> <span class='ocrx_word' id='word_1_137' title='bbox 689 1316 713 1345; x_wconf 89' lang='lat' dir='ltr'><strong>e</strong></span> <span class='ocrx_word' id='word_1_138' title='bbox 743 1301 834 1343; x_wconf 81' lang='lat' dir='ltr'><strong>vita</strong></span> <span class='ocrx_word' id='word_1_139' title='bbox 874 1301 1094 1358; x_wconf 82' lang='lat' dir='ltr'><strong>Lycurgea</strong></span> <span class='ocrx_word' id='word_1_140' title='bbox 1124 1301 1423 1357; x_wconf 77' lang='lat' dir='ltr'><strong>transscripta,</strong></span> <span class='ocrx_word' id='word_1_141' title='bbox 1452 1300 1730 1343; x_wconf 77' lang='lat' dir='ltr'><strong>Plutarchum</strong></span> <span class='ocrx_word' id='word_1_142' title='bbox 1759 1315 1812 1343; x_wconf 86' lang='lat' dir='ltr'><strong>ex</strong></span> <span class='ocrx_word' id='word_1_143' title='bbox 1847 1300 2102 1358; x_wconf 85' lang='lat' dir='ltr'><strong>Hermippeo</strong></span> <span class='ocrx_word' id='word_1_144' title='bbox 2131 1301 2239 1344; x_wconf 87' lang='lat' dir='ltr'><strong>libro</strong></span> <span class='ocrx_word' id='word_1_145' title='bbox 2277 1303 2498 1359; x_wconf 84' lang='lat' dir='ltr'><strong>accepisse,</strong></span> <span class='ocrx_word' id='word_1_146' title='bbox 2541 1300 2640 1345; x_wconf 82' lang='lat' dir='ltr'><strong>inde</strong></span> 
     </span>
     <span class='ocr_line' id='line_1_21' title="bbox 377 1370 2640 1433; baseline -0.001 -15"><span class='ocrx_word' id='word_1_147' title='bbox 377 1380 575 1433; x_wconf 84' lang='lat' dir='ltr'><strong>apparet,</strong></span> <span class='ocrx_word' id='word_1_148' title='bbox 620 1371 732 1429; x_wconf 89' lang='lat' dir='ltr'><strong>quod</strong></span> <span class='ocrx_word' id='word_1_149' title='bbox 761 1386 834 1423; x_wconf 81' lang='lat' dir='ltr'><strong>ea,</strong></span> <span class='ocrx_word' id='word_1_150' title='bbox 878 1370 930 1415; x_wconf 86' lang='lat' dir='ltr'><strong>de</strong></span> <span class='ocrx_word' id='word_1_151' title='bbox 960 1371 1114 1428; x_wconf 86' lang='lat' dir='ltr'><strong>quibus</strong></span> <span class='ocrx_word' id='word_1_152' title='bbox 1143 1370 1268 1413; x_wconf 90' lang='lat' dir='ltr'><strong>modo</strong></span> <span class='ocrx_word' id='word_1_153' title='bbox 1298 1370 1399 1423; x_wconf 79' lang='lat' dir='ltr'><strong>dixi,</strong></span> <span class='ocrx_word' id='word_1_154' title='bbox 1430 1385 1525 1414; x_wconf 92' lang='lat' dir='ltr'><strong>cum</strong></span> <span class='ocrx_word' id='word_1_155' title='bbox 1554 1372 1716 1423; x_wconf 83' lang='lat' dir='ltr'><strong>ceteris,</strong></span> <span class='ocrx_word' id='word_1_156' title='bbox 1746 1386 1854 1428; x_wconf 87' lang='lat' dir='ltr'><strong>quae</strong></span> <span class='ocrx_word' id='word_1_157' title='bbox 1884 1372 1931 1414; x_wconf 89' lang='lat' dir='ltr'><strong>in</strong></span> <span class='ocrx_word' id='word_1_158' title='bbox 1959 1373 2099 1429; x_wconf 88' lang='lat' dir='ltr'><strong>capite</strong></span> <span class='ocrx_word' id='word_1_159' title='bbox 2133 1372 2199 1414; x_wconf 92' lang='lat'><strong>15.</strong></span> <span class='ocrx_word' id='word_1_160' title='bbox 2231 1378 2274 1415; x_wconf 86' lang='lat' dir='ltr'><strong>et</strong></span> <span class='ocrx_word' id='word_1_161' title='bbox 2307 1372 2373 1415; x_wconf 89' lang='grc'><strong>16.</strong></span> <span class='ocrx_word' id='word_1_162' title='bbox 2403 1377 2640 1425; x_wconf 86' lang='lat' dir='ltr'><strong>narrantur,</strong></span> 
     </span>
     <span class='ocr_line' id='line_1_22' title="bbox 375 1444 855 1489; baseline -0.008 0"><span class='ocrx_word' id='word_1_163' title='bbox 375 1446 588 1489; x_wconf 83' lang='lat' dir='ltr'><strong>artissime</strong></span> <span class='ocrx_word' id='word_1_164' title='bbox 619 1444 855 1487; x_wconf 72' lang='lat' dir='ltr'><strong>cohaerent.</strong></span> 
     </span>
    </p>

    <p class='ocr_par' dir='ltr' id='par_1_6' title="bbox 377 1512 2701 2280">
     <span class='ocr_line' id='line_1_23' title="bbox 496 1512 2639 1570; baseline -0.001 -11"><span class='ocrx_word' id='word_1_165' title='bbox 496 1515 594 1559; x_wconf 87' lang='lat' dir='ltr'><strong>Una</strong></span> <span class='ocrx_word' id='word_1_166' title='bbox 613 1519 794 1567; x_wconf 86' lang='lat' dir='ltr'><strong>tantum,</strong></span> <span class='ocrx_word' id='word_1_167' title='bbox 825 1528 932 1570; x_wconf 89' lang='lat' dir='ltr'><strong>quae</strong></span> <span class='ocrx_word' id='word_1_168' title='bbox 963 1514 1008 1555; x_wconf 90' lang='lat' dir='ltr'><strong>in</strong></span> <span class='ocrx_word' id='word_1_169' title='bbox 1038 1518 1227 1556; x_wconf 85' lang='lat' dir='ltr'><strong>extremo</strong></span> <span class='ocrx_word' id='word_1_170' title='bbox 1256 1513 1395 1569; x_wconf 86' lang='lat' dir='ltr'><strong>capite</strong></span> <span class='ocrx_word' id='word_1_171' title='bbox 1419 1512 1485 1555; x_wconf 84' lang='lat'><strong>15.</strong></span> <span class='ocrx_word' id='word_1_172' title='bbox 1516 1512 1710 1563; x_wconf 83' lang='lat' dir='ltr'><strong>traditur,</strong></span> <span class='ocrx_word' id='word_1_173' title='bbox 1739 1513 2060 1556; x_wconf 75' lang='lat' dir='ltr'><strong>narratiuncula</strong></span> <span class='ocrx_word' id='word_1_174' title='bbox 2086 1527 2184 1556; x_wconf 89' lang='lat' dir='ltr'><strong>cum</strong></span> <span class='ocrx_word' id='word_1_175' title='bbox 2199 1515 2349 1557; x_wconf 86' lang='lat' dir='ltr'><strong>ceteris</strong></span> <span class='ocrx_word' id='word_1_176' title='bbox 2377 1515 2518 1557; x_wconf 87' lang='lat' dir='ltr'><strong>minus</strong></span> <span class='ocrx_word' id='word_1_177' title='bbox 2546 1518 2639 1556; x_wconf 82' lang='lat' dir='ltr'><strong>arte</strong></span> 
     </span>
     <span class='ocr_line' id='line_1_24' title="bbox 377 1583 2640 1644; baseline -0.002 -12"><span class='ocrx_word' id='word_1_178' title='bbox 377 1589 605 1644; x_wconf 80' lang='lat' dir='ltr'><strong>conjuncta</strong></span> <span class='ocrx_word' id='word_1_179' title='bbox 633 1591 710 1638; x_wconf 86' lang='lat' dir='ltr'><strong>est,</strong></span> <span class='ocrx_word' id='word_1_180' title='bbox 740 1591 789 1628; x_wconf 90' lang='lat' dir='ltr'><strong>ut</strong></span> <span class='ocrx_word' id='word_1_181' title='bbox 821 1599 956 1642; x_wconf 89' lang='lat' dir='ltr'><strong>pauca</strong></span> <span class='ocrx_word' id='word_1_182' title='bbox 985 1583 1037 1627; x_wconf 89' lang='lat' dir='ltr'><strong>de</strong></span> <span class='ocrx_word' id='word_1_183' title='bbox 1067 1598 1118 1627; x_wconf 90' lang='lat' dir='ltr'><strong>ea</strong></span> <span class='ocrx_word' id='word_1_184' title='bbox 1146 1583 1297 1627; x_wconf 86' lang='lat' dir='ltr'><strong>addere</strong></span> <span class='ocrx_word' id='word_1_185' title='bbox 1329 1599 1412 1626; x_wconf 89' lang='lat' dir='ltr'><strong>non</strong></span> <span class='ocrx_word' id='word_1_186' title='bbox 1428 1583 1615 1626; x_wconf 87' lang='lat' dir='ltr'><strong>alienum</strong></span> <span class='ocrx_word' id='word_1_187' title='bbox 1647 1584 1852 1628; x_wconf 83' lang='lat' dir='ltr'><strong>videatur.</strong></span> <span class='ocrx_word' id='word_1_188' title='bbox 1898 1584 2006 1627; x_wconf 87' lang='lat' dir='ltr'><strong>hauc</strong></span> <span class='ocrx_word' id='word_1_189' title='bbox 2037 1598 2136 1627; x_wconf 83' lang='lat' dir='ltr'><strong>vero</strong></span> <span class='ocrx_word' id='word_1_190' title='bbox 2156 1585 2268 1627; x_wconf 85' lang='lat' dir='ltr'><strong>sicut</strong></span> <span class='ocrx_word' id='word_1_191' title='bbox 2288 1590 2457 1636; x_wconf 82' lang='lat' dir='ltr'><strong>ceteras,</strong></span> <span class='ocrx_word' id='word_1_192' title='bbox 2486 1584 2640 1640; x_wconf 81' lang='lat' dir='ltr'><strong>quibus</strong></span> 
     </span>
     <span class='ocr_line' id='line_1_25' title="bbox 377 1653 2701 1734; baseline -0.002 -32"><span class='ocrx_word' id='word_1_193' title='bbox 377 1659 574 1702; x_wconf 87' lang='lat' dir='ltr'><strong>immixta</strong></span> <span class='ocrx_word' id='word_1_194' title='bbox 594 1663 670 1710; x_wconf 86' lang='lat' dir='ltr'><strong>est,</strong></span> <span class='ocrx_word' id='word_1_195' title='bbox 698 1657 754 1699; x_wconf 88' lang='lat' dir='ltr'><strong>ab</strong></span> <span class='ocrx_word' id='word_1_196' title='bbox 769 1656 999 1712; x_wconf 82' lang='lat' dir='ltr'><strong>Hermippo</strong></span> <span class='ocrx_word' id='word_1_197' title='bbox 1015 1654 1290 1698; x_wconf 76' lang='lat' dir='ltr'><strong>Plutarchum</strong></span> <span class='ocrx_word' id='word_1_198' title='bbox 1319 1654 1540 1710; x_wconf 87' lang='lat' dir='ltr'><strong>accepisse,</strong></span> <span class='ocrx_word' id='word_1_199' title='bbox 1570 1659 1619 1697; x_wconf 88' lang='lat' dir='ltr'><strong>ut</strong></span> <span class='ocrx_word' id='word_1_200' title='bbox 1647 1654 1838 1707; x_wconf 85' lang='lat' dir='ltr'><strong>arbitrer,</strong></span> <span class='ocrx_word' id='word_1_201' title='bbox 1866 1669 1915 1697; x_wconf 89' lang='lat' dir='ltr'><strong>eo</strong></span> <span class='ocrx_word' id='word_1_202' title='bbox 1936 1653 2130 1707; x_wconf 86' lang='lat' dir='ltr'><strong>adducor,</strong></span> <span class='ocrx_word' id='word_1_203' title='bbox 2159 1654 2270 1711; x_wconf 89' lang='lat' dir='ltr'><strong>quod</strong></span> <span class='ocrx_word' id='word_1_204' title='bbox 2284 1656 2413 1699; x_wconf 88' lang='lat' dir='ltr'><strong>etiam</strong></span> <span class='ocrx_word' id='word_1_205' title='bbox 2429 1655 2640 1734; x_wconf 72' lang='lat' dir='ltr'><strong>Diogenes</strong></span> <span class='ocrx_word' id='word_1_206' title='bbox 2697 1657 2701 1659; x_wconf 68' lang='grc'><strong><em>’</em></strong></span> 
     </span>
     <span class='ocr_line' id='line_1_26' title="bbox 382 1721 2640 1784; baseline -0.002 -12"><span class='ocrx_word' id='word_1_207' title='bbox 382 1744 476 1773; x_wconf 89' lang='lat' dir='ltr'><strong>eam</strong></span> <span class='ocrx_word' id='word_1_208' title='bbox 506 1729 690 1771; x_wconf 83' lang='lat' dir='ltr'><strong>breviter</strong></span> <span class='ocrx_word' id='word_1_209' title='bbox 718 1731 1031 1779; x_wconf 68' lang='lat' dir='ltr'><strong>commemorat,</strong></span> <span class='ocrx_word' id='word_1_210' title='bbox 1059 1740 1157 1768; x_wconf 91' lang='lat' dir='ltr'><strong>cum</strong></span> <span class='ocrx_word' id='word_1_211' title='bbox 1187 1725 1292 1768; x_wconf 89' lang='lat' dir='ltr'><strong>dicit</strong></span> <span class='ocrx_word' id='word_1_212' title='bbox 1312 1725 1486 1777; x_wconf 82' lang='lat'><strong>(1‚45.:)</strong></span> <span class='ocrx_word' id='word_1_213' title='bbox 1527 1722 1637 1768; x_wconf 79' lang='grc' dir='ltr'><strong>ἑπτὰ</strong></span> <span class='ocrx_word' id='word_1_214' title='bbox 1669 1724 1715 1767; x_wconf 73' lang='grc' dir='ltr'><strong>δὲ</strong></span> <span class='ocrx_word' id='word_1_215' title='bbox 1745 1722 1960 1768; x_wconf 76' lang='grc' dir='ltr'><strong>ταλάντων</strong></span> <span class='ocrx_word' id='word_1_216' title='bbox 1989 1721 2277 1780; x_wconf 65' lang='grc' dir='ltr'><strong>ὀφειλομένων</strong></span> <span class='ocrx_word' id='word_1_217' title='bbox 2291 1723 2402 1784; x_wconf 68' lang='grc' dir='ltr'><strong>αὐτῷ</strong></span> <span class='ocrx_word' id='word_1_218' title='bbox 2437 1722 2640 1781; x_wconf 62' lang='lat' dir='ltr'><strong>aaronica</strong></span> 
     </span>
     <span class='ocr_line' id='line_1_27' title="bbox 378 1792 2637 1856; baseline -0.002 -13"><span class='ocrx_word' id='word_1_219' title='bbox 378 1796 638 1856; x_wconf 68' lang='grc' dir='ltr'><strong>συνεχώρησε</strong></span> <span class='ocrx_word' id='word_1_220' title='bbox 677 1800 842 1853; x_wconf 74' lang='grc' dir='ltr'><strong>πρῶτος</strong></span> <span class='ocrx_word' id='word_1_221' title='bbox 881 1799 952 1840; x_wconf 81' lang='grc' dir='ltr'><strong>καὶ</strong></span> <span class='ocrx_word' id='word_1_222' title='bbox 992 1794 1088 1845; x_wconf 78' lang='grc' dir='ltr'><strong>τοὺς</strong></span> <span class='ocrx_word' id='word_1_223' title='bbox 1128 1793 1303 1845; x_wconf 82' lang='grc' dir='ltr'><strong>λοιποὺς</strong></span> <span class='ocrx_word' id='word_1_224' title='bbox 1342 1794 1389 1838; x_wconf 83' lang='grc' dir='ltr'><strong>τὸ</strong></span> <span class='ocrx_word' id='word_1_225' title='bbox 1420 1792 1568 1849; x_wconf 74' lang='grc' dir='ltr'><strong>ὅμοιον</strong></span> <span class='ocrx_word' id='word_1_226' title='bbox 1597 1793 1844 1853; x_wconf 73' lang='grc' dir='ltr'><strong>προῦτρεψε</strong></span> <span class='ocrx_word' id='word_1_227' title='bbox 1874 1798 2042 1852; x_wconf 83' lang='grc' dir='ltr'><strong>πρᾶξαι.</strong></span> <span class='ocrx_word' id='word_1_228' title='bbox 2123 1811 2208 1852; x_wconf 89' lang='lat' dir='ltr'><strong>qua</strong></span> <span class='ocrx_word' id='word_1_229' title='bbox 2252 1798 2297 1839; x_wconf 90' lang='lat' dir='ltr'><strong>in</strong></span> <span class='ocrx_word' id='word_1_230' title='bbox 2343 1811 2386 1839; x_wconf 87' lang='lat' dir='ltr'><strong>re</strong></span> <span class='ocrx_word' id='word_1_231' title='bbox 2433 1795 2543 1853; x_wconf 87' lang='lat' dir='ltr'><strong>quod</strong></span> <span class='ocrx_word' id='word_1_232' title='bbox 2586 1795 2637 1840; x_wconf 90' lang='lat' dir='ltr'><strong>de</strong></span> 
     </span>
     <span class='ocr_line' id='line_1_28' title="bbox 379 1866 2637 1926; baseline -0.002 -12"><span class='ocrx_word' id='word_1_233' title='bbox 379 1871 658 1922; x_wconf 79' lang='lat' dir='ltr'><strong>talentorum,</strong></span> <span class='ocrx_word' id='word_1_234' title='bbox 702 1882 809 1924; x_wconf 86' lang='lat' dir='ltr'><strong>quae</strong></span> <span class='ocrx_word' id='word_1_235' title='bbox 839 1867 941 1911; x_wconf 89' lang='lat' dir='ltr'><strong>Solo</strong></span> <span class='ocrx_word' id='word_1_236' title='bbox 982 1868 1074 1924; x_wconf 85' lang='lat' dir='ltr'><strong>lege</strong></span> <span class='ocrx_word' id='word_1_237' title='bbox 1120 1867 1286 1924; x_wconf 87' lang='lat' dir='ltr'><strong>perlata</strong></span> <span class='ocrx_word' id='word_1_238' title='bbox 1324 1868 1534 1919; x_wconf 84' lang='lat' dir='ltr'><strong>amiserit,</strong></span> <span class='ocrx_word' id='word_1_239' title='bbox 1580 1882 1752 1911; x_wconf 84' lang='lat' dir='ltr'><strong>numero</strong></span> <span class='ocrx_word' id='word_1_240' title='bbox 1795 1867 2048 1910; x_wconf 79' lang='lat' dir='ltr'><strong>Plutarchus</strong></span> <span class='ocrx_word' id='word_1_241' title='bbox 2087 1875 2132 1911; x_wconf 88' lang='lat' dir='ltr'><strong>et</strong></span> <span class='ocrx_word' id='word_1_242' title='bbox 2161 1868 2373 1926; x_wconf 84' lang='lat' dir='ltr'><strong>Diogenes</strong></span> <span class='ocrx_word' id='word_1_243' title='bbox 2413 1883 2495 1910; x_wconf 90' lang='lat' dir='ltr'><strong>non</strong></span> <span class='ocrx_word' id='word_1_244' title='bbox 2526 1866 2637 1911; x_wconf 86' lang='lat' dir='ltr'><strong>idem</strong></span> 
     </span>
     <span class='ocr_line' id='line_1_29' title="bbox 381 1938 2637 1995; baseline -0.003 -9"><span class='ocrx_word' id='word_1_245' title='bbox 381 1942 579 1993; x_wconf 79' lang='lat' dir='ltr'><strong>referunt,</strong></span> <span class='ocrx_word' id='word_1_246' title='bbox 608 1940 687 1983; x_wconf 90' lang='lat' dir='ltr'><strong>hoc</strong></span> <span class='ocrx_word' id='word_1_247' title='bbox 718 1939 881 1982; x_wconf 88' lang='lat' dir='ltr'><strong>nullius</strong></span> <span class='ocrx_word' id='word_1_248' title='bbox 911 1953 1000 1981; x_wconf 86' lang='lat' dir='ltr'><strong>esse</strong></span> <span class='ocrx_word' id='word_1_249' title='bbox 1031 1939 1234 1981; x_wconf 87' lang='lat' dir='ltr'><strong>momenti</strong></span> <span class='ocrx_word' id='word_1_250' title='bbox 1264 1939 1511 1994; x_wconf 87' lang='lat' dir='ltr'><strong>putaverim.</strong></span> <span class='ocrx_word' id='word_1_251' title='bbox 1572 1944 1721 1982; x_wconf 87' lang='lat' dir='ltr'><strong>contra</strong></span> <span class='ocrx_word' id='word_1_252' title='bbox 1751 1939 1832 1995; x_wconf 90' lang='lat' dir='ltr'><strong>ipsi</strong></span> <span class='ocrx_word' id='word_1_253' title='bbox 1861 1944 2076 1981; x_wconf 82' lang='lat' dir='ltr'><strong>auctorem</strong></span> <span class='ocrx_word' id='word_1_254' title='bbox 2117 1953 2240 1981; x_wconf 87' lang='lat' dir='ltr'><strong>suum</strong></span> <span class='ocrx_word' id='word_1_255' title='bbox 2270 1953 2340 1991; x_wconf 84' lang='lat' dir='ltr'><strong>ea,</strong></span> <span class='ocrx_word' id='word_1_256' title='bbox 2380 1954 2505 1995; x_wconf 88' lang='lat' dir='ltr'><strong>quam</strong></span> <span class='ocrx_word' id='word_1_257' title='bbox 2536 1938 2637 1981; x_wconf 83' lang='lat' dir='ltr'><strong>Her-</strong></span> 
     </span>
     <span class='ocr_line' id='line_1_30' title="bbox 380 2008 2637 2068; baseline -0.001 -14"><span class='ocrx_word' id='word_1_258' title='bbox 380 2012 551 2068; x_wconf 87' lang='lat' dir='ltr'><strong>mippus</strong></span> <span class='ocrx_word' id='word_1_259' title='bbox 565 2015 819 2066; x_wconf 70' lang='lat' dir='ltr'><strong>sequeretur,</strong></span> <span class='ocrx_word' id='word_1_260' title='bbox 850 2010 1014 2052; x_wconf 87' lang='lat' dir='ltr'><strong>ratione</strong></span> <span class='ocrx_word' id='word_1_261' title='bbox 1044 2008 1210 2052; x_wconf 84' lang='lat' dir='ltr'><strong>diversa</strong></span> <span class='ocrx_word' id='word_1_262' title='bbox 1230 2024 1404 2065; x_wconf 90' lang='lat' dir='ltr'><strong>quoque,</strong></span> <span class='ocrx_word' id='word_1_263' title='bbox 1435 2023 1541 2064; x_wconf 87' lang='lat' dir='ltr'><strong>quae</strong></span> <span class='ocrx_word' id='word_1_264' title='bbox 1572 2008 1624 2052; x_wconf 83' lang='lat' dir='ltr'><strong>de</strong></span> <span class='ocrx_word' id='word_1_265' title='bbox 1654 2010 1731 2052; x_wconf 86' lang='lat' dir='ltr'><strong>hac</strong></span> <span class='ocrx_word' id='word_1_266' title='bbox 1761 2024 1806 2052; x_wconf 89' lang='lat' dir='ltr'><strong>re</strong></span> <span class='ocrx_word' id='word_1_267' title='bbox 1836 2009 2087 2062; x_wconf 83' lang='lat' dir='ltr'><strong>ferebantur,</strong></span> <span class='ocrx_word' id='word_1_268' title='bbox 2115 2010 2345 2053; x_wconf 70' lang='lat' dir='ltr'><strong>contulisse</strong></span> <span class='ocrx_word' id='word_1_269' title='bbox 2375 2009 2637 2062; x_wconf 67' lang='lat' dir='ltr'><strong>indicant⁴⁸)</strong></span> 
     </span>
     <span class='ocr_line' id='line_1_31' title="bbox 381 2079 2638 2138; baseline -0.002 -12"><span class='ocrx_word' id='word_1_270' title='bbox 381 2081 494 2138; x_wconf 66' lang='lat' dir='ltr'><strong>quid,</strong></span> <span class='ocrx_word' id='word_1_271' title='bbox 524 2080 638 2137; x_wconf 87' lang='lat' dir='ltr'><strong>quod</strong></span> <span class='ocrx_word' id='word_1_272' title='bbox 667 2081 864 2123; x_wconf 87' lang='lat' dir='ltr'><strong>universa</strong></span> <span class='ocrx_word' id='word_1_273' title='bbox 896 2080 1216 2122; x_wconf 88' lang='lat' dir='ltr'><strong>narratiuncula</strong></span> <span class='ocrx_word' id='word_1_274' title='bbox 1246 2079 1464 2136; x_wconf 88' lang='lat' dir='ltr'><strong>Hermippi</strong></span> <span class='ocrx_word' id='word_1_275' title='bbox 1495 2079 1692 2124; x_wconf 87' lang='lat' dir='ltr'><strong>narrandi</strong></span> <span class='ocrx_word' id='word_1_276' title='bbox 1723 2095 1873 2137; x_wconf 87' lang='lat' dir='ltr'><strong>genere</strong></span> <span class='ocrx_word' id='word_1_277' title='bbox 1904 2081 1968 2123; x_wconf 86' lang='lat' dir='ltr'><strong>ita</strong></span> <span class='ocrx_word' id='word_1_278' title='bbox 1996 2085 2061 2124; x_wconf 83' lang='lat' dir='ltr'><strong>est</strong></span> <span class='ocrx_word' id='word_1_279' title='bbox 2091 2081 2272 2132; x_wconf 87' lang='lat' dir='ltr'><strong>imbuta,</strong></span> <span class='ocrx_word' id='word_1_280' title='bbox 2318 2086 2367 2124; x_wconf 87' lang='lat' dir='ltr'><strong>ut</strong></span> <span class='ocrx_word' id='word_1_281' title='bbox 2398 2082 2525 2124; x_wconf 86' lang='lat' dir='ltr'><strong>etiam</strong></span> <span class='ocrx_word' id='word_1_282' title='bbox 2554 2081 2638 2123; x_wconf 87' lang='lat' dir='ltr'><strong>sin·</strong></span> 
     </span>
     <span class='ocr_line' id='line_1_32' title="bbox 381 2149 2638 2211; baseline -0.001 -16"><span class='ocrx_word' id='word_1_283' title='bbox 381 2153 496 2211; x_wconf 85' lang='lat' dir='ltr'><strong>gulis</strong></span> <span class='ocrx_word' id='word_1_284' title='bbox 526 2152 649 2195; x_wconf 88' lang='lat' dir='ltr'><strong>rebus</strong></span> <span class='ocrx_word' id='word_1_285' title='bbox 679 2156 724 2194; x_wconf 89' lang='lat' dir='ltr'><strong>et</strong></span> <span class='ocrx_word' id='word_1_286' title='bbox 753 2153 882 2193; x_wconf 85' lang='lat' dir='ltr'><strong>trium</strong></span> <span class='ocrx_word' id='word_1_287' title='bbox 913 2149 1082 2194; x_wconf 86' lang='lat' dir='ltr'><strong>Solonis</strong></span> <span class='ocrx_word' id='word_1_288' title='bbox 1112 2151 1341 2193; x_wconf 88' lang='lat' dir='ltr'><strong>amicorum</strong></span> <span class='ocrx_word' id='word_1_289' title='bbox 1372 2151 1613 2194; x_wconf 88' lang='lat' dir='ltr'><strong>nominibus</strong></span> <span class='ocrx_word' id='word_1_290' title='bbox 1642 2151 1786 2194; x_wconf 88' lang='lat' dir='ltr'><strong>allatis</strong></span> <span class='ocrx_word' id='word_1_291' title='bbox 1801 2150 1859 2204; x_wconf 74' lang='lat'><strong>⁴⁹)</strong></span> <span class='ocrx_word' id='word_1_292' title='bbox 1898 2157 1942 2194; x_wconf 89' lang='lat' dir='ltr'><strong>et</strong></span> <span class='ocrx_word' id='word_1_293' title='bbox 1971 2152 2232 2208; x_wconf 84' lang='lat' dir='ltr'><strong>etymologia</strong></span> <span class='ocrx_word' id='word_1_294' title='bbox 2272 2151 2452 2208; x_wconf 85' lang='lat' dir='ltr'><strong>quadam</strong></span> <span class='ocrx_word' id='word_1_295' title='bbox 2491 2157 2638 2194; x_wconf 82' lang='lat' dir='ltr'><strong>auctor</strong></span> 
     </span>
     <span class='ocr_line' id='line_1_33' title="bbox 383 2219 841 2280; baseline -0.004 -13"><span class='ocrx_word' id='word_1_296' title='bbox 383 2224 456 2267; x_wconf 87' lang='lat' dir='ltr'><strong>ille</strong></span> <span class='ocrx_word' id='word_1_297' title='bbox 489 2228 776 2280; x_wconf 77' lang='lat' dir='ltr'><strong>cognoscatur.</strong></span> <span class='ocrx_word' id='word_1_298' title='bbox 784 2219 841 2276; x_wconf 81' lang='lat'><strong>⁵⁰)</strong></span> 
     </span>
    </p>

    <p class='ocr_par' dir='ltr' id='par_1_7' title="bbox 381 2291 2697 2844">
     <span class='ocr_line' id='line_1_34' title="bbox 500 2291 2637 2350; baseline -0.001 -14"><span class='ocrx_word' id='word_1_299' title='bbox 500 2293 599 2336; x_wconf 89' lang='lat' dir='ltr'><strong>Jam</strong></span> <span class='ocrx_word' id='word_1_300' title='bbox 631 2307 728 2336; x_wconf 88' lang='lat' dir='ltr'><strong>vero</strong></span> <span class='ocrx_word' id='word_1_301' title='bbox 759 2307 868 2348; x_wconf 86' lang='lat' dir='ltr'><strong>quae</strong></span> <span class='ocrx_word' id='word_1_302' title='bbox 900 2291 1154 2335; x_wconf 81' lang='lat' dir='ltr'><strong>Plutarchus</strong></span> <span class='ocrx_word' id='word_1_303' title='bbox 1186 2298 1341 2343; x_wconf 84' lang='lat' dir='ltr'><strong>narrat,</strong></span> <span class='ocrx_word' id='word_1_304' title='bbox 1372 2292 1578 2348; x_wconf 91' lang='lat' dir='ltr'><strong>quomodo</strong></span> <span class='ocrx_word' id='word_1_305' title='bbox 1607 2293 1707 2335; x_wconf 85' lang='lat' dir='ltr'><strong>Solo</strong></span> <span class='ocrx_word' id='word_1_306' title='bbox 1739 2293 1853 2349; x_wconf 80' lang='lat' dir='ltr'><strong>leges</strong></span> <span class='ocrx_word' id='word_1_307' title='bbox 1883 2293 2118 2336; x_wconf 83' lang='lat' dir='ltr'><strong>instituerit</strong></span> <span class='ocrx_word' id='word_1_308' title='bbox 2147 2299 2191 2337; x_wconf 87' lang='lat' dir='ltr'><strong>et</strong></span> <span class='ocrx_word' id='word_1_309' title='bbox 2220 2292 2451 2350; x_wconf 83' lang='lat' dir='ltr'><strong>pertulerit,</strong></span> <span class='ocrx_word' id='word_1_310' title='bbox 2480 2306 2637 2335; x_wconf 87' lang='lat' dir='ltr'><strong>accom-</strong></span> 
     </span>
     <span class='ocr_line' id='line_1_35' title="bbox 383 2362 2697 2422; baseline -0.001 -14"><span class='ocrx_word' id='word_1_311' title='bbox 383 2364 556 2408; x_wconf 88' lang='lat' dir='ltr'><strong>modata</strong></span> <span class='ocrx_word' id='word_1_312' title='bbox 585 2378 755 2422; x_wconf 84' lang='lat' dir='ltr'><strong>prorsus</strong></span> <span class='ocrx_word' id='word_1_313' title='bbox 784 2368 886 2406; x_wconf 90' lang='lat' dir='ltr'><strong>sunt</strong></span> <span class='ocrx_word' id='word_1_314' title='bbox 915 2362 970 2405; x_wconf 90' lang='lat' dir='ltr'><strong>ad</strong></span> <span class='ocrx_word' id='word_1_315' title='bbox 1010 2377 1103 2405; x_wconf 89' lang='lat' dir='ltr'><strong>eam</strong></span> <span class='ocrx_word' id='word_1_316' title='bbox 1134 2362 1361 2414; x_wconf 87' lang='lat' dir='ltr'><strong>rationem,</strong></span> <span class='ocrx_word' id='word_1_317' title='bbox 1406 2377 1532 2419; x_wconf 88' lang='lat' dir='ltr'><strong>quam</strong></span> <span class='ocrx_word' id='word_1_318' title='bbox 1563 2363 1837 2420; x_wconf 85' lang='lat' dir='ltr'><strong>Hermippum</strong></span> <span class='ocrx_word' id='word_1_319' title='bbox 1875 2362 2045 2407; x_wconf 85' lang='lat' dir='ltr'><strong>Solonis</strong></span> <span class='ocrx_word' id='word_1_320' title='bbox 2086 2365 2297 2421; x_wconf 81' lang='lat' dir='ltr'><strong>propriam</strong></span> <span class='ocrx_word' id='word_1_321' title='bbox 2327 2362 2481 2406; x_wconf 88' lang='lat' dir='ltr'><strong>dixisse</strong></span> <span class='ocrx_word' id='word_1_322' title='bbox 2510 2377 2638 2420; x_wconf 81' lang='lat' dir='ltr'><strong>supra</strong></span> <span class='ocrx_word' id='word_1_323' title='bbox 2692 2395 2697 2401; x_wconf 84' lang='grc'><strong>.</strong></span> 
     </span>
     <span class='ocr_line' id='line_1_36' title="bbox 381 2430 2639 2512; baseline -0.001 -34"><span class='ocrx_word' id='word_1_324' title='bbox 381 2451 466 2479; x_wconf 88' lang='grc' dir='ltr'><strong>ιιοιι</strong></span> <span class='ocrx_word' id='word_1_325' title='bbox 497 2450 581 2479; x_wconf 89' lang='lat' dir='ltr'><strong>uno</strong></span> <span class='ocrx_word' id='word_1_326' title='bbox 611 2435 704 2478; x_wconf 84' lang='lat' dir='ltr'><strong>loco</strong></span> <span class='ocrx_word' id='word_1_327' title='bbox 734 2435 921 2491; x_wconf 75' lang='lat' dir='ltr'><strong>exposui.</strong></span> <span class='ocrx_word' id='word_1_328' title='bbox 963 2447 1059 2476; x_wconf 83' lang='lat' dir='ltr'><strong>nam</strong></span> <span class='ocrx_word' id='word_1_329' title='bbox 1092 2430 1310 2512; x_wconf 61' lang='grc' dir='ltr'><strong>δηιιοτικὸς</strong></span> <span class='ocrx_word' id='word_1_330' title='bbox 1340 2431 1407 2485; x_wconf 75' lang='grc' dir='ltr'><strong>ὧν,</strong></span> <span class='ocrx_word' id='word_1_331' title='bbox 1439 2434 1588 2490; x_wconf 81' lang='lat' dir='ltr'><strong>inquit,</strong></span> <span class='ocrx_word' id='word_1_332' title='bbox 1616 2435 1686 2475; x_wconf 79' lang='grc' dir='ltr'><strong>καὶ</strong></span> <span class='ocrx_word' id='word_1_333' title='bbox 1715 2437 1879 2487; x_wconf 80' lang='grc' dir='ltr'><strong>μέσος,</strong></span> <span class='ocrx_word' id='word_1_334' title='bbox 1908 2431 2170 2489; x_wconf 70' lang='grc' dir='ltr'><strong>ἐνδεέστερον</strong></span> <span class='ocrx_word' id='word_1_335' title='bbox 2199 2434 2246 2477; x_wconf 83' lang='grc' dir='ltr'><strong>δὲ</strong></span> <span class='ocrx_word' id='word_1_336' title='bbox 2274 2436 2346 2491; x_wconf 75' lang='grc' dir='ltr'><strong>τῆς</strong></span> <span class='ocrx_word' id='word_1_337' title='bbox 2376 2430 2639 2491; x_wconf 58' lang='lat' dir='ltr'><strong>emmo-imp</strong></span> 
     </span>
     <span class='ocr_line' id='line_1_37' title="bbox 382 2501 2638 2561; baseline -0.001 -11"><span class='ocrx_word' id='word_1_338' title='bbox 382 2503 597 2560; x_wconf 78' lang='grc' dir='ltr'><strong>δυνάμεως</strong></span> <span class='ocrx_word' id='word_1_339' title='bbox 626 2501 749 2548; x_wconf 73' lang='grc' dir='ltr'><strong>οὐδὲν</strong></span> <span class='ocrx_word' id='word_1_340' title='bbox 778 2503 970 2560; x_wconf 74' lang='grc' dir='ltr'><strong>ἔπραξεν.</strong></span> <span class='ocrx_word' id='word_1_341' title='bbox 1033 2505 1094 2547; x_wconf 88' lang='lat' dir='ltr'><strong>ita</strong></span> <span class='ocrx_word' id='word_1_342' title='bbox 1126 2504 1323 2547; x_wconf 90' lang='lat' dir='ltr'><strong>nimirum</strong></span> <span class='ocrx_word' id='word_1_343' title='bbox 1355 2504 1427 2547; x_wconf 91' lang='lat' dir='ltr'><strong>ille</strong></span> <span class='ocrx_word' id='word_1_344' title='bbox 1457 2519 1502 2547; x_wconf 88' lang='lat' dir='ltr'><strong>se</strong></span> <span class='ocrx_word' id='word_1_345' title='bbox 1531 2505 1723 2561; x_wconf 81' lang='lat' dir='ltr'><strong>gerebat,</strong></span> <span class='ocrx_word' id='word_1_346' title='bbox 1754 2519 1876 2560; x_wconf 87' lang='lat' dir='ltr'><strong>quem</strong></span> <span class='ocrx_word' id='word_1_347' title='bbox 1907 2503 2187 2548; x_wconf 79' lang='lat' dir='ltr'><strong>mediocritati</strong></span> <span class='ocrx_word' id='word_1_348' title='bbox 2218 2506 2262 2547; x_wconf 85' lang='grc' dir='ltr'><strong>ιιι</strong></span> <span class='ocrx_word' id='word_1_349' title='bbox 2293 2505 2484 2547; x_wconf 88' lang='lat' dir='ltr'><strong>omnibus</strong></span> <span class='ocrx_word' id='word_1_350' title='bbox 2514 2503 2638 2547; x_wconf 71' lang='lat' dir='ltr'><strong>rebus</strong></span> 
     </span>
     <span class='ocr_line' id='line_1_38' title="bbox 382 2572 2638 2633; baseline -0.001 -13"><span class='ocrx_word' id='word_1_351' title='bbox 382 2575 594 2620; x_wconf 84' lang='lat' dir='ltr'><strong>studuisse</strong></span> <span class='ocrx_word' id='word_1_352' title='bbox 625 2581 976 2633; x_wconf 87' lang='lat' dir='ltr'><strong>praeceptumque</strong></span> <span class='ocrx_word' id='word_1_353' title='bbox 990 2574 1122 2632; x_wconf 73' lang='grc' dir='ltr'>μηδὲν</span> <span class='ocrx_word' id='word_1_354' title='bbox 1142 2572 1249 2628; x_wconf 79' lang='grc' dir='ltr'><strong>ἄγαν</strong></span> <span class='ocrx_word' id='word_1_355' title='bbox 1269 2589 1341 2631; x_wconf 85' lang='lat' dir='ltr'><strong>per</strong></span> <span class='ocrx_word' id='word_1_356' title='bbox 1356 2579 1492 2618; x_wconf 87' lang='lat' dir='ltr'><strong>totam</strong></span> <span class='ocrx_word' id='word_1_357' title='bbox 1514 2575 1645 2617; x_wconf 83' lang='lat' dir='ltr'><strong>vitam</strong></span> <span class='ocrx_word' id='word_1_358' title='bbox 1666 2576 1851 2618; x_wconf 78' lang='lat' dir='ltr'><strong>tenuisse</strong></span> <span class='ocrx_word' id='word_1_359' title='bbox 1861 2574 2115 2632; x_wconf 83' lang='lat' dir='ltr'><strong>Hermippus</strong></span> <span class='ocrx_word' id='word_1_360' title='bbox 2145 2573 2386 2618; x_wconf 84' lang='lat' dir='ltr'><strong>tradiderat.</strong></span> <span class='ocrx_word' id='word_1_361' title='bbox 2411 2589 2484 2631; x_wconf 81' lang='lat' dir='ltr'><strong>per</strong></span> <span class='ocrx_word' id='word_1_362' title='bbox 2503 2579 2638 2617; x_wconf 80' lang='lat' dir='ltr'><strong>totam</strong></span> 
     </span>
     <span class='ocr_line' id='line_1_39' title="bbox 382 2645 2639 2704; baseline -0 -15"><span class='ocrx_word' id='word_1_363' title='bbox 382 2652 525 2690; x_wconf 85' lang='lat' dir='ltr'><strong>autem</strong></span> <span class='ocrx_word' id='word_1_364' title='bbox 556 2661 648 2691; x_wconf 85' lang='lat' dir='ltr'><strong>eam</strong></span> <span class='ocrx_word' id='word_1_365' title='bbox 680 2651 854 2704; x_wconf 85' lang='lat' dir='ltr'><strong>partem,</strong></span> <span class='ocrx_word' id='word_1_366' title='bbox 883 2646 933 2688; x_wconf 89' lang='lat' dir='ltr'><strong>de</strong></span> <span class='ocrx_word' id='word_1_367' title='bbox 965 2660 1049 2702; x_wconf 89' lang='lat' dir='ltr'><strong>qua</strong></span> <span class='ocrx_word' id='word_1_368' title='bbox 1080 2646 1261 2703; x_wconf 85' lang='lat' dir='ltr'><strong>agimus,</strong></span> <span class='ocrx_word' id='word_1_369' title='bbox 1290 2660 1342 2688; x_wconf 84' lang='lat' dir='ltr'><strong>ex</strong></span> <span class='ocrx_word' id='word_1_370' title='bbox 1373 2646 1630 2688; x_wconf 84' lang='lat' dir='ltr'><strong>carminibus</strong></span> <span class='ocrx_word' id='word_1_371' title='bbox 1659 2645 1851 2688; x_wconf 87' lang='lat' dir='ltr'><strong>Soloueis</strong></span> <span class='ocrx_word' id='word_1_372' title='bbox 1881 2660 1932 2689; x_wconf 81' lang='lat' dir='ltr'><strong>ea</strong></span> <span class='ocrx_word' id='word_1_373' title='bbox 1961 2647 2124 2689; x_wconf 85' lang='lat' dir='ltr'><strong>ratione</strong></span> <span class='ocrx_word' id='word_1_374' title='bbox 2159 2646 2356 2689; x_wconf 87' lang='lat' dir='ltr'><strong>haustum</strong></span> <span class='ocrx_word' id='word_1_375' title='bbox 2387 2651 2472 2696; x_wconf 84' lang='lat' dir='ltr'><strong>est,</strong></span> <span class='ocrx_word' id='word_1_376' title='bbox 2510 2658 2639 2701; x_wconf 78' lang='lat' dir='ltr'><strong>quam</strong></span> 
     </span>
     <span class='ocr_line' id='line_1_40' title="bbox 384 2713 2641 2775; baseline -0.001 -14"><span class='ocrx_word' id='word_1_377' title='bbox 384 2717 486 2761; x_wconf 79' lang='lat' dir='ltr'><strong>item</strong></span> <span class='ocrx_word' id='word_1_378' title='bbox 516 2717 813 2775; x_wconf 82' lang='lat' dir='ltr'><strong>Hermippeam</strong></span> <span class='ocrx_word' id='word_1_379' title='bbox 843 2731 934 2760; x_wconf 82' lang='lat' dir='ltr'><strong>esse</strong></span> <span class='ocrx_word' id='word_1_380' title='bbox 965 2716 1070 2759; x_wconf 88' lang='lat' dir='ltr'><strong>satis</strong></span> <span class='ocrx_word' id='word_1_381' title='bbox 1098 2717 1186 2772; x_wconf 84' lang='lat' dir='ltr'><strong>jani</strong></span> <span class='ocrx_word' id='word_1_382' title='bbox 1216 2716 1499 2772; x_wconf 85' lang='lat' dir='ltr'><strong>cognovimus.</strong></span> <span class='ocrx_word' id='word_1_383' title='bbox 1560 2716 1696 2758; x_wconf 85' lang='lat' dir='ltr'><strong>verbis</strong></span> <span class='ocrx_word' id='word_1_384' title='bbox 1726 2715 1837 2758; x_wconf 87' lang='lat' dir='ltr'><strong>enim</strong></span> <span class='ocrx_word' id='word_1_385' title='bbox 1867 2730 1920 2759; x_wconf 86' lang='lat' dir='ltr'><strong>ex</strong></span> <span class='ocrx_word' id='word_1_386' title='bbox 1952 2716 2038 2759; x_wconf 87' lang='lat' dir='ltr'><strong>illis</strong></span> <span class='ocrx_word' id='word_1_387' title='bbox 2069 2715 2304 2773; x_wconf 82' lang='lat' dir='ltr'><strong>desumptis</strong></span> <span class='ocrx_word' id='word_1_388' title='bbox 2334 2713 2440 2768; x_wconf 74' lang='grc' dir='ltr'><strong>ὅμοι’·</strong></span> <span class='ocrx_word' id='word_1_389' title='bbox 2468 2717 2564 2772; x_wconf 76' lang='grc' dir='ltr'><strong>βίην</strong></span> <span class='ocrx_word' id='word_1_390' title='bbox 2591 2729 2641 2759; x_wconf 69' lang='grc' dir='ltr'><strong>τε</strong></span> 
     </span>
     <span class='ocr_line' id='line_1_41' title="bbox 382 2784 2639 2844; baseline -0 -14"><span class='ocrx_word' id='word_1_391' title='bbox 382 2788 452 2830; x_wconf 79' lang='grc' dir='ltr'><strong>καὶ</strong></span> <span class='ocrx_word' id='word_1_392' title='bbox 476 2788 594 2844; x_wconf 80' lang='grc' dir='ltr'><strong>δίκην</strong></span> <span class='ocrx_word' id='word_1_393' title='bbox 622 2784 890 2843; x_wconf 79' lang='grc' dir='ltr'><strong>συναρμόσας</strong></span> <span class='ocrx_word' id='word_1_394' title='bbox 920 2790 968 2839; x_wconf 91' lang='lat' dir='ltr'><strong>(c.</strong></span> <span class='ocrx_word' id='word_1_395' title='bbox 1005 2786 1084 2839; x_wconf 88' lang='lat'><strong>15.)</strong></span> <span class='ocrx_word' id='word_1_396' title='bbox 1126 2786 1181 2828; x_wconf 87' lang='lat' dir='ltr'><strong>ab</strong></span> <span class='ocrx_word' id='word_1_397' title='bbox 1210 2792 1380 2829; x_wconf 86' lang='lat' dir='ltr'><strong>auctore</strong></span> <span class='ocrx_word' id='word_1_398' title='bbox 1411 2785 1626 2837; x_wconf 83' lang='lat' dir='ltr'><strong>docemur,</strong></span> <span class='ocrx_word' id='word_1_399' title='bbox 1671 2785 1877 2842; x_wconf 86' lang='lat' dir='ltr'><strong>quomodo</strong></span> <span class='ocrx_word' id='word_1_400' title='bbox 1917 2786 2031 2843; x_wconf 84' lang='lat' dir='ltr'><strong>leges</strong></span> <span class='ocrx_word' id='word_1_401' title='bbox 2060 2786 2160 2828; x_wconf 88' lang='lat' dir='ltr'><strong>Solo</strong></span> <span class='ocrx_word' id='word_1_402' title='bbox 2201 2786 2454 2836; x_wconf 83' lang='lat' dir='ltr'><strong>instituerit,</strong></span> <span class='ocrx_word' id='word_1_403' title='bbox 2500 2784 2639 2829; x_wconf 73' lang='lat' dir='ltr'><strong>verbi·</strong></span> 
     </span>
    </p>
   </div>
   <div class='ocr_carea' id='block_1_5' title="bbox 385 2985 2638 3100">
    <p class='ocr_par' dir='ltr' id='par_1_8' title="bbox 385 2985 2638 3100">
     <span class='ocr_line' id='line_1_42' title="bbox 385 2985 2638 3100; baseline -0 -59"><span class='ocrx_word' id='word_1_404' title='bbox 385 3055 458 3100; x_wconf 58' lang='grc' dir='ltr'><strong>ἐπ</strong></span> <span class='ocrx_word' id='word_1_405' title='bbox 479 2995 524 3042; x_wconf 76' lang='grc'><strong>“)</strong></span> <span class='ocrx_word' id='word_1_406' title='bbox 549 3009 583 3033; x_wconf 80' lang='lat' dir='ltr'><strong>v.</strong></span> <span class='ocrx_word' id='word_1_407' title='bbox 609 2996 792 3044; x_wconf 72' lang='lat' dir='ltr'><strong>imprimis</strong></span> <span class='ocrx_word' id='word_1_408' title='bbox 816 2996 1009 3035; x_wconf 75' lang='lat' dir='ltr'><strong>Plutarchi</strong></span> <span class='ocrx_word' id='word_1_409' title='bbox 1034 2997 1168 3033; x_wconf 67' lang='lat' dir='ltr'><strong>verba:</strong></span> <span class='ocrx_word' id='word_1_410' title='bbox 1203 2996 1303 3041; x_wconf 77' lang='grc' dir='ltr'><strong>ἔνιοι</strong></span> <span class='ocrx_word' id='word_1_411' title='bbox 1335 2997 1381 3039; x_wconf 77' lang='grc' dir='ltr'><em>δέ</em></span> <span class='ocrx_word' id='word_1_412' title='bbox 1413 2998 1706 3040; x_wconf 74' lang='grc' dir='ltr'><strong>πεντεκαίδεκα</strong></span> <span class='ocrx_word' id='word_1_413' title='bbox 1735 2998 1936 3051; x_wconf 75' lang='grc' dir='ltr'><strong>λέγουσιν,</strong></span> <span class='ocrx_word' id='word_1_414' title='bbox 1982 2985 2039 3039; x_wconf 74' lang='grc' dir='ltr'><strong>ὧν</strong></span> <span class='ocrx_word' id='word_1_415' title='bbox 2067 2998 2136 3039; x_wconf 78' lang='grc' dir='ltr'><strong>καὶ</strong></span> <span class='ocrx_word' id='word_1_416' title='bbox 2163 2994 2392 3052; x_wconf 71' lang='grc' dir='ltr'><strong>Πολύζηλος</strong></span> <span class='ocrx_word' id='word_1_417' title='bbox 2423 2993 2447 3037; x_wconf 76' lang='grc' dir='ltr'><strong>ὃ</strong></span> <span class='ocrx_word' id='word_1_418' title='bbox 2479 2992 2638 3045; x_wconf 61' lang='grc' dir='ltr'><strong>Ῥόδιός</strong></span> 
     </span>
     <span class='ocr_line' id='line_1_43' title="bbox 459 3073 510 3100; baseline 0 0"><span class='ocrx_word' id='word_1_419' title='bbox 459 3073 510 3100; x_wconf 79' lang='lat' dir='ltr'><strong>w.</strong></span> 
     </span>
    </p>
   </div>
   <div class='ocr_carea' id='block_1_6' title="bbox 489 3099 1733 3256">
    <p class='ocr_par' dir='ltr' id='par_1_9' title="bbox 489 3099 1733 3256">
     <span class='ocr_line' id='line_1_44' title="bbox 489 3099 1675 3184; baseline -0.001 -14"><span class='ocrx_word' id='word_1_420' title='bbox 489 3124 534 3170; x_wconf 76' lang='lat'><strong>⁴⁹)</strong></span> <span class='ocrx_word' id='word_1_421' title='bbox 556 3133 641 3176; x_wconf 77' lang='grc' dir='ltr'><strong>τοῖς</strong></span> <span class='ocrx_word' id='word_1_422' title='bbox 670 3129 768 3184; x_wconf 73' lang='grc' dir='ltr'><strong>περὶ</strong></span> <span class='ocrx_word' id='word_1_423' title='bbox 799 3099 968 3173; x_wconf 69' lang='grc' dir='ltr'><strong>Κόνιονα</strong></span> <span class='ocrx_word' id='word_1_424' title='bbox 996 3129 1066 3172; x_wconf 79' lang='grc' dir='ltr'><strong>καὶ</strong></span> <span class='ocrx_word' id='word_1_425' title='bbox 1097 3129 1290 3172; x_wconf 75' lang='grc' dir='ltr'><strong>Κλεινίαν</strong></span> <span class='ocrx_word' id='word_1_426' title='bbox 1317 3129 1386 3169; x_wconf 79' lang='grc' dir='ltr'><strong>καὶ</strong></span> <span class='ocrx_word' id='word_1_427' title='bbox 1411 3123 1675 3170; x_wconf 71' lang='grc' dir='ltr'><strong>Ἱππόνικον.</strong></span> 
     </span>
     <span class='ocr_line' id='line_1_45' title="bbox 490 3194 1733 3256; baseline -0.001 -16"><span class='ocrx_word' id='word_1_428' title='bbox 490 3194 535 3240; x_wconf 72' lang='lat' dir='ltr'><strong>“J</strong></span> <span class='ocrx_word' id='word_1_429' title='bbox 566 3196 659 3247; x_wconf 69' lang='grc' dir='ltr'><strong>τοὺς</strong></span> <span class='ocrx_word' id='word_1_430' title='bbox 687 3203 830 3254; x_wconf 81' lang='grc' dir='ltr'><strong>μέντοι</strong></span> <span class='ocrx_word' id='word_1_431' title='bbox 863 3200 1011 3256; x_wconf 65' lang='grc' dir='ltr'><strong>φᾶοινς</strong></span> <span class='ocrx_word' id='word_1_432' title='bbox 1041 3195 1170 3242; x_wconf 66' lang='grc' dir='ltr'><strong>αὐτοῦ</strong></span> <span class='ocrx_word' id='word_1_433' title='bbox 1200 3198 1479 3253; x_wconf 74' lang='grc' dir='ltr'><strong>χρεωκοπίδας</strong></span> <span class='ocrx_word' id='word_1_434' title='bbox 1507 3197 1733 3245; x_wconf 74' lang='grc' dir='ltr'><strong>καλοῦντες.</strong></span> 
     </span>
    </p>
   </div>
  </div>
 </body>
</html>
