2840 3698
1377 62 1671 106 ...13-

385 198 643 251 Plutarch-s
676 158 855 242 sicutne
887 206 986 237 esse
1023 195 1200 251 putetur
1239 193 1325 236 nisi
1354 191 1656 250 Hermippum,
1700 192 1775 249 qui
1803 191 1898 238 sine
1925 189 2055 234 dubio
2084 191 2270 248 lepidam
2301 192 2423 236 illam
2452 194 2655 237 narratio·

385 283 495 316 nm
512 283 554 314 a
567 265 704 313 effla
731 278 766 308 s.
794 279 835 309 v.
866 259 1013 308 Σόλων
1040 261 1315 317 traditam,²²)
1345 277 1442 320 qua
1459 261 1672 316 Solonem,
1714 262 1884 306 etiamsi
1913 276 2000 305 non
2031 262 2123 319 ipse
2152 261 2240 306 dux
2271 267 2404 316 esset,
2431 267 2576 307 tamen
2606 268 2657 307 ut

380 337 653 386 obli-‚mh
670 337 998 393 expugnaretur,
1027 334 1206 378 consilio
1230 348 1308 378 suo
1324 333 1510 379 effecisse
1524 333 1692 387 dicitur,
1721 334 1875 378 referre
1904 345 2037 390 eaque
2067 346 2174 390 opus
2189 347 2314 376 suum
2345 334 2555 392 complere
2569 349 2656 378 non

381 411 592 458 omiserat.
650 407 720 453 sin
749 409 894 450 autem
923 405 1057 449 alium
1087 409 1305 449 auctorem
1334 418 1361 447 a
1390 404 1623 449 Plutarcho
1654 406 1699 448 in
1729 406 1869 463 capite
1901 405 1969 447 11.
1999 407 2266 461 assumptum
2295 418 2386 448 esse
2415 418 2658 449 concessum

381 481 475 534 ὠὴ
502 478 718 531 facillime,
748 476 860 520 unde
889 477 1084 520 brevitas
1116 476 1195 520 illa
1223 479 1318 520 orta
1348 476 1418 529 sit,
1447 476 1731 534 intellegetur.
1801 490 1938 532 neque
1966 475 2080 519 enim
2110 474 2244 518 alium
2274 488 2529 532 quemquam
2559 474 2659 519 Plu-

380 550 554 597 mlius
584 553 801 593 auctorem
829 547 1027 591 adhibuit
1056 548 1141 591 nisi
1170 546 1416 604 Didymum,
1445 560 1474 589 a
1503 561 1587 603 quo
1617 561 1684 590 res
1703 546 1874 590 Solonis
1905 550 2100 591 narratas
2132 546 2232 591 illas
2263 545 2432 603 quidem
2462 546 2508 589 in
2538 545 2659 599 libro,

381 622 456 680 qui
475 623 574 678 περὶ
589 622 673 664 τῶν
689 616 848 671 ἀξόνων
876 622 959 662 τῶν
974 615 1163 668 Σόλωνος
1177 619 1408 676 inscriptus
1423 622 1526 671 erat,
1555 617 1629 661 sed
1643 632 1770 675 quam
1790 619 2037 662 brevissime
2051 622 2246 661 narratas
2266 631 2357 660 esse
2376 631 2505 675 supra
2523 616 2659 660 docui.

180 740 201 751 .‚
364 693 568 751 >maxime
595 698 740 735 autem
772 691 866 748 ipsi,
897 691 971 747 qui
1000 704 1028 733 a
1057 690 1289 734 Plutarcho
1319 689 1445 733 allati
1484 693 1607 742 sunt,
1651 694 1844 732 auctores
1886 688 2144 745 Didymeum
2184 689 2344 733 fontem
2385 687 2578 732 indicant
2617 691 2661 731 et

63 753 164 807 ἒ
153 761 196 780 ‘⁵‘
231 751 351 792 ῥ’]
380 764 683 821 Hermippeum
716 762 975 818 exscriptum
1006 761 1207 804 refutant.
1267 774 1367 803 nam
1397 760 1501 804 licet
1529 759 1847 817 Hermippum
1835 775 1879 802 in
1911 760 2013 802 vitis
2043 760 2186 817 legum
2211 760 2480 803 inventorum
2510 757 2660 802 descri-

381 834 529 879 bendis
561 849 613 878 ex
640 833 889 877 Aristotelis
909 832 1042 884 libris,
1073 832 1146 887 qui
1176 835 1279 875 sunt
1308 832 1519 875 πολιτεῖαι
1549 835 1593 874 et
1623 827 1839 882 πολιτικά,
1872 830 2080 873 nonnulla
2108 830 2301 874 hausisse
2332 829 2563 874 verisimile
2591 829 2662 883 sit,

385 911 529 950 tamen
560 920 658 949 eum
687 904 798 947 libro
828 902 1114 954 Aristotelen,
1160 903 1234 958 qui
1280 903 1362 944 τῶν
1391 902 1663 947 Πυθιονικῶν
1693 897 1927 958 ἀναγφαφὴ
1956 901 2286 954 inscribebatur,
2330 915 2454 944 usum
2484 914 2578 944 esse
2607 914 2661 943 ne

382 979 560 1021 minimo
591 974 760 1032 quidem
790 976 1043 1030 argumento
1074 971 1299 1015 indicatur.
1375 971 1488 1028 quod
1517 978 1665 1016 contra
1695 970 1928 1028 Didymum
1968 972 2082 1015 hunc
2122 972 2278 1015 librum
2308 973 2479 1029 penitus
2509 986 2661 1029 cogno·

384 1050 496 1093 visse
530 1051 576 1091 et
603 1047 651 1090 in
685 1059 810 1102 opere
846 1040 1164 1101 ὑπομνημάτων
1203 1041 1263 1092 εἷς
1295 1045 1510 1098 Πίνδαρον
1540 1042 1828 1100 componendo
1842 1042 2087 1085 adhibuisse
2107 1047 2366 1100 compertum
2387 1039 2662 1095 habemusn)

385 1133 463 1163 nec
492 1118 634 1161 minus
664 1115 891 1159 Aeschinis
921 1115 1050 1158 verba
1081 1129 1134 1158 ex
1165 1115 1371 1158 orationis
1403 1116 1448 1157 in
1481 1114 1800 1171 Ctesiphontem
1829 1113 2002 1157 habitae
2031 1114 2068 1166 ξ.
2104 1113 2199 1156 108.
2230 1112 2455 1170 desumpta
2483 1113 2538 1156 ob
2568 1127 2660 1156 eam

390 1202 563 1234 causam
594 1186 829 1244 Didymum
859 1186 1063 1230 memoria
1094 1186 1282 1229 tenuisse
1313 1200 1482 1238 censeo,
1512 1185 1623 1241 quod
1654 1182 1889 1243 ὑπόμνημα
1917 1182 1978 1234 εἷς
2006 1182 2205 1242 Αἰσχίνην
2232 1181 2337 1227 κατὰ
2368 1185 2662 1242 Κτησιφῶντος

386 1259 490 1304 olim
521 1256 890 1316 composuerat.²⁹)
938 1254 1130 1314 ‘denique
1162 1257 1239 1299 illa
1269 1257 1451 1313 Δελφῶν
1480 1253 1765 1314 ὑπομνήματα
1805 1256 1906 1309 hoc,
1956 1254 2008 1299 de
2049 1270 2132 1312 quo
2164 1256 2351 1312 agimus,
2400 1255 2495 1299 loco
2525 1255 2661 1298 allata

385 1331 492 1390 quin
524 1329 635 1372 idem
666 1329 826 1372 fuerint
855 1328 965 1371 liber
994 1343 1044 1371 ac
1076 1329 1158 1370 τῶν
1192 1329 1460 1371 Πυθιονικῶν
1491 1324 1734 1385 ἀναγραφή,
1779 1332 1829 1370 ut
1869 1327 1949 1370 hac
1980 1326 2069 1369 ’illa
2109 1327 2441 1379 continerentur,
2485 1325 2660 1369 dubium

383 1417 473 1446 esse
504 1416 589 1444 non
620 1404 769 1453 potest.
845 1413 954 1456 quae
993 1400 1030 1442 si
1072 1401 1135 1442 ita
1175 1405 1298 1452 sunt,
1343 1399 1530 1452 diversa,
1575 1413 1683 1455 quae
1721 1412 1773 1441 ex
1815 1398 1988 1455 optimis
2029 1397 2220 1440 fontibus
2265 1397 2419 1440 hausta
2458 1397 2537 1440 hoc
2566 1397 2661 1440 loco

385 1473 630 1525 afferuntur,
660 1470 883 1527 Didymus,
914 1471 989 1527 qui
1019 1485 1115 1513 cum
1146 1471 1278 1513 libros
1309 1469 1364 1512 ad
1393 1469 1562 1512 litteras
1591 1470 1852 1527 pertinentes
1883 1468 2184 1525 componebat,
2225 1483 2274 1511 ea
2316 1468 2500 1525 legerat,
2541 1467 2662 1521 libro,
2695 1504 2697 1506 .

385 1559 468 1602 quo
501 1543 552 1586 de
581 1541 759 1585 Solonis·
780 1542 947 1599 legibus
977 1541 1143 1599 agebat,
1175 1541 1405 1584 Plutarcho
1437 1540 1682 1593 transtulit,
1723 1544 1851 1596 atque
1882 1540 1940 1591 is,
1986 1540 2040 1582 ob
2070 1553 2162 1582 eam
2194 1553 2365 1582 causam
2396 1539 2554 1581 factum
2586 1543 2663 1591 est,

385 1620 436 1660 ut
464 1614 545 1658 hoc
574 1614 668 1656 loco
699 1627 784 1655 non
814 1612 917 1655 ficta
947 1612 1094 1665 fusius,
1124 1611 1197 1655 sed
1227 1612 1412 1655 breviter
1442 1626 1542 1655 vera
1572 1610 1769 1654 traderet.

503 1685 624 1736 Quae
653 1686 699 1727 in
732 1685 873 1741 capite
907 1683 974 1726 12.
1020 1682 1072 1726 de
1112 1683 1268 1726 scelere
1298 1681 1488 1738 Cyloneo
1529 1696 1557 1724 a
1587 1681 1820 1725 Plutarcho
1861 1685 2109 1734 narrantur,
2149 1682 2187 1724 si
2217 1695 2312 1723 cum
2345 1681 2426 1732 eis,
2472 1694 2579 1736 quae
2607 1679 2663 1723 ab

387 1757 605 1802 Herodoto
647 1756 687 1809 5,
719 1755 787 1798 71.
828 1759 873 1798 et
911 1770 938 1797 a
984 1753 1233 1810 Thucydide
1287 1754 1324 1807 l,
1368 1753 1463 1796 126.
1508 1753 1759 1806 traduntur,
1804 1753 2139 1809 comparaveris,
2192 1752 2408 1809 singulare
2454 1750 2662 1807 quoddam

386 1828 589 1874 narrandi
619 1842 753 1886 genus
785 1826 831 1869 in
852 1827 913 1870 eis
935 1826 1072 1869 inesse
1101 1826 1305 1868 invenies.
1353 1839 1487 1881 neque
1507 1825 1620 1868 enim
1637 1825 1742 1867 certi
1773 1822 2003 1880 quidquam
2033 1828 2110 1866 aut
2139 1822 2315 1876 definiti,
2344 1828 2394 1866 ut
2423 1823 2525 1879 ipsa,
2555 1836 2664 1878 quae

387 1903 502 1945 facta
532 1904 621 1944 tum
642 1899 741 1952 sint,
771 1902 815 1941 et
844 1897 1033 1940 homines
1065 1901 1108 1939 et
1138 1896 1234 1940 loca
1264 1901 1308 1940 et
1338 1902 1525 1953 tempora
1555 1896 1796 1939 accuratius
1827 1908 2138 1952 cognoscamus,
2166 1895 2302 1937 veluti
2333 1894 2385 1937 ab
2415 1894 2513 1945 illis,
2543 1895 2606 1936 ita
2635 1907 2663 1936 a

386 1971 618 2017 Plutarcho
649 1972 858 2022 narratur,
888 1968 962 2011 sed
993 1969 1137 2024 qualia
1168 1969 1213 2010 in
1244 1968 1418 2011 similem
1442 1967 1672 2024 quamlibet
1701 1981 1785 2010 rem
1807 1967 1967 2023 pariter
1987 1965 2153 2019 cadant,
2166 1964 2226 2019 ⁸⁰)
2252 1965 2479 2016 nonnullis,
2510 1965 2662 2020 quibus

386 2044 517 2088 animi
557 2042 786 2100 legentium
830 2039 1160 2092 delectarentur,
1201 2039 1359 2082 additis
1400 2040 1643 2096 excogitata
1684 2038 1817 2095 magis
1858 2051 1980 2094 quam
2023 2036 2078 2080 ad
2109 2052 2251 2079 verum
2282 2035 2590 2080 accommodata
2605 2034 2662 2088 ⁸¹)

386 2115 636 2159 referuntur.
706 2116 835 2167 atque
866 2110 977 2167 quod
1007 2115 1107 2152 ante
1138 2111 1277 2153 omnia
1307 2111 1431 2154 velim
1463 2110 1681 2162 intuearis,
1711 2108 1966 2151 Plutarchus
2006 2108 2074 2151 vel
2122 2108 2264 2164 potius
2304 2109 2393 2164 ejus
2433 2111 2580 2149 auctor
2619 2105 2663 2148 id

388 2187 492 2243 agit,
521 2189 571 2227 ut
602 2182 806 2240 quomodo
837 2180 1164 2225 Alcmaeonidae
1195 2181 1249 2224 ad
1278 2180 1415 2224 scelus
1445 2179 1784 2224 committendum
1817 2178 1988 2223 adducti
2017 2179 2126 2232 sint,
2158 2193 2279 2235 quam
2311 2179 2487 2220 maxime
2516 2177 2663 2234 probet

386 2261 432 2301 et
471 2256 665 2314 explicet.
697 2270 819 2297 -nam
862 2250 1114 2308 αὐτομάτως,
1155 2253 1306 2309 inquit,
1346 2253 1417 2309 τῆς
1456 2249 1605 2310 κρόκης
1643 2254 1833 2311 ῥαγείσης
1863 2284 1872 2294 .
1907 2284 1916 2293 .
1949 2284 1959 2293 .
1993 2284 2001 2293 .
2045 2248 2100 2298 ὡς
2139 2251 2211 2308 τῆς
2251 2250 2357 2293 θεοῦ
2393 2245 2469 2306 τὴν
2503 2248 2665 2292 ἱκεσίαν

389 2325 713 2384 ἀπολεγομένης.
785 2340 892 2382 quae
921 2340 1014 2368 cum
1047 2324 1111 2367 ita
1140 2325 1249 2382 sint,
1295 2339 1430 2367 errare
1471 2338 1556 2367 non
1588 2322 1771 2375 videbor,
1809 2322 1847 2364 si
1878 2322 1985 2365 hanc
2015 2336 2181 2378 quoque
2211 2320 2261 2364 de
2292 2321 2445 2364 scelere
2474 2319 2663 2376 Cyloneo

390 2400 672 2443 narrationem
705 2397 745 2441 ei
775 2397 1006 2449 tribuerim,
1036 2397 1109 2452 qui
1141 2397 1278 2439 minus
1294 2396 1509 2439 historiam
1541 2409 1693 2447 veram,
1723 2407 1843 2450 quam
1875 2393 2033 2436 facetus
2050 2393 2214 2435 fabulas
2245 2392 2425 2435 scribere
2453 2390 2664 2434 studum

389 2484 524 2527 neque
554 2474 638 2512 tam
670 2467 841 2511 aliunde
871 2468 1030 2511 eruisse
1060 2481 1182 2523 quam
1213 2468 1351 2509 animo
1382 2467 1643 2523 excogitasse
1674 2464 1776 2518 dixi,
1805 2465 2046 2521 praesertim
2078 2478 2171 2507 cum
2204 2463 2375 2506 alteram
2409 2463 2559 2519 capitis
2597 2462 2663 2504 12.

388 2546 547 2600 partem
579 2555 631 2583 ex
662 2539 891 2596 Hermippo
922 2538 1147 2581 derivatam
1179 2552 1269 2581 esse
1299 2552 1348 2580 eo
1379 2537 1606 2580 verisimile
1635 2537 1704 2589 sit,
1734 2534 1845 2592 quod
1876 2549 1968 2579 cum
2000 2536 2083 2588 eis,
2130 2549 2236 2591 quae
2270 2534 2482 2591 Diogenes
2528 2532 2666 2585 refert,

394 2626 564 2670 prorsus
594 2626 642 2655 ea
672 2611 880 2668 congruit.
941 2624 1047 2666 quae
1078 2623 1144 2652 res
1175 2624 1257 2666 quo
1288 2609 1420 2666 magis
1450 2612 1668 2666 appareat,
1714 2622 1782 2659 ea,
1812 2620 1919 2663 quae
1950 2606 2204 2649 Plutarchus
2244 2610 2289 2648 et
2319 2620 2423 2661 quae
2455 2604 2664 2661 Diogenes

394 2686 548 2737 narrat,
576 2682 769 2741 opposita
800 2682 912 2726 inter
941 2696 987 2724 se
1017 2695 1254 2738 comparare
1285 2680 1400 2724 libet.

494 2880 538 2928 ”)
562 2882 654 2919 haec
676 2882 798 2929 ipsam
821 2882 871 2918 ab
896 2880 1102 2927 Hermippo
1127 2880 1335 2927 profectam
1361 2878 1399 2915 in
1426 2878 1563 2915 Suidae
1589 2878 1728 2915 librum
1755 2876 1970 2924 pervenisse
1995 2877 2046 2923 (v.
2074 2876 2270 2918 Nitzuche.
2313 2876 2336 2911 l.
2363 2887 2393 2910 c.
2421 2886 2461 2920 p.
2485 2874 2567 2911 210.
2593 2875 2665 2921 sq.)

399 2940 608 2978 verisimile
634 2944 704 2979 est.

494 2998 538 3045 ⁸⁸)
562 3012 596 3037 v.
622 3001 732 3044 ηοω,
757 3000 914 3037 Aristot.
941 3000 1070 3047 pseud.
1098 3011 1133 3047 p.
1160 3000 1241 3037 549.

496 3058 599 3106 ην.
626 3059 810 3102 schmidt
837 3060 865 3097 1
890 3072 921 3097 ο.
949 3071 987 3106 p.
1013 3059 1093 3096 137

1 3117 25 3152 '·
483 3119 541 3175 ⁸⁰)
571 3118 617 3164 ἐκ
663 3121 962 3165 πολλοῦ..
1001 3154 1011 3163 .
1056 3117 1153 3169 τοὺς
1183 3115 1465 3186 σωᾘωμότας.
1505 3151 1514 3161 .
1553 3150 1561 3160 .
1601 3151 1610 3160 .
1651 3113 1675 3158 ὃ
1696 3114 1832 3186 ἅρχων
1868 3114 1941 3159 ἐπὶ
1985 3117 2079 3174 δίκῃ
2115 3114 2337 3157 κατελθεῖν
2373 3110 2555 3155 ἔπεισεν.

483 3178 540 3235 ⁸¹)
573 3177 812 3253 ἐξάψαντος
841 3182 915 3223 τοῦ
948 3177 1066 3228 ἕδους
1094 3175 1247 3236 κρόκην
1270 3174 1521 3250 ximat-riv..
1578 3176 1684 3219 ,καὶ
1714 3191 1810 3245 τοις
1844 3173 1922 3226 ἔξω
1951 3176 2126 3218 κατέλει
2119 3186 2218 3225 σαν,
2251 3171 2290 3214 οἱ
2321 3170 2368 3215 δὲ
2397 3175 2484 3220 τοῖς
2512 3174 2667 3228 βωμοῖς

396 3236 708 3296 προςφυγόντες
737 3235 1051 3297 ἀπεσφάγησαν
1081 3272 1091 3282 .
1114 3272 1124 3282 .
1180 3252 1346 3293 ,μονοι
1377 3235 1660 3293 δἀφείθησαν
1690 3234 1731 3278 οἱ
1762 3234 1836 3283 τὰς
1866 3240 2059 3289 γυιαικας
2089 3229 2226 3276 αὐτῶν
2255 3227 2546 3280 ἱκετεύσαντες.
