2840 3698
1354 42 1645 87 ...19-

369 175 555 235 eJ'usdnu
572 172 1029 223 ‚Ptin-’iwannum
1058 173 1150 226 (Lo.
1165 188 1205 231 p.
1228 174 1297 217 33.
1327 175 1405 231 sq.)
1433 174 1688 233 impugnem.
1732 187 1916 231 namque
1945 187 1998 217 ea
2026 188 2111 218 non
2142 189 2240 218 cum
2268 174 2422 219 ceteris
2451 190 2504 219 ex
2534 175 2639 220 Her-

368 250 540 306 mippo
566 246 690 294 lim
705 244 872 289 bum
901 256 1002 297 ατο,
1031 244 1148 302 quod
1176 244 1378 289 Prinzius
1405 246 1559 300 voluit,
1587 260 1640 291 eo
1657 249 1847 304 apparet,
1874 244 1990 303 quod
2009 258 2148 303 neque
2162 259 2261 290 cum
2291 247 2366 300 eis,
2395 261 2506 304 quae
2521 251 2637 291 ante-

370 317 541 372 οοᾱιιιια,ξ
569 328 710 374 noque
735 323 836 359 oum
866 316 940 367 eis,
970 328 1084 372 quae
1114 321 1375 373 sequuntur,
1404 318 1652 371 cohaerent,
1690 316 1765 362 sed
1794 331 1907 375 quae
1933 321 2051 361 nexu
2079 317 2392 361 sententiarum
2420 323 2513 362 arte
2542 334 2638 363 cou-

366 392 523 448 ᾔτησα
549 382 875 432 ωοὶἤᾶὶιιιιιες
905 383 1070 430 ἐδέοντο
1098 393 1185 437 τοῖς
1212 393 1366 439 κανοῖς
1393 390 1654 445 προσελθεῖν
1682 390 1767 433 κτλ.
1797 393 1843 433 et
1870 384 2004 432 ὄκνόν
2017 399 2124 446 φησι
2154 385 2203 431 τὸ
2232 389 2401 445 nef-tm·
2429 385 2638 447 ἅψασθαι

368 458 694 519 τῷπολιτείας,
737 457 828 500 illis
858 471 1031 515 prorsus
1060 458 1335 502 dirimuntur.
1394 474 1533 517 neque
1562 464 1691 504 antea
1720 474 1858 518 neque
1887 463 2035 517 postea
2065 457 2338 503 Phaniauum
2368 459 2481 503 illud
2509 462 2637 518 respi-

367 530 510 575 ustum·
551 530 703 584 itaque
733 531 974 581 continnae,
1004 544 1137 586 qnam
1168 531 1224 574 ab
1252 530 1500 588 Hermippo
1516 535 1756 588 acceperat,
1800 532 2040 575 narrationi
2078 531 2158 574 hoc
2189 545 2242 574 ex
2282 529 2371 574 alio
2401 530 2518 574 fonte
2546 532 2638 576 sive

314 643 317 645 .
366 614 422 645 ει
451 601 592 656 ipsius
620 599 817 643 Phaniae
847 602 938 644 sive
967 615 1020 643 ex
1052 602 1171 645 tertii
1202 601 1421 659 scriptoris
1464 603 1493 644 i.
1524 616 1558 644 e.
1593 601 1772 658 Didymi
1803 602 1912 646 libro
1957 616 1984 644 a
2015 600 2250 645 Plutarcho
2295 602 2506 644 insertum
2546 616 2638 646 esse

368 669 655 729 stsduendum
696 678 773 714 est.
834 671 945 715 idem
986 676 1132 715 autem
1159 671 1304 729 judico
1335 672 1386 716 de
1424 673 1586 716 verbis:
1632 670 1769 732 ᾑρέθη
1809 673 1856 716 δὲ
1896 670 2033 728 ἅρχων
2069 669 2176 727 μετὰ
2209 669 2500 728 Φιλόμβροτον
2529 671 2638 727 ὁμοῦ

164 734 190 767 ἵ
270 755 287 759 ”“
302 748 324 755 ”
367 735 440 785 καὶ
470 739 717 800 διαλλακτὴς
744 744 815 786 καὶ
846 746 1088 800 νομοθέτης,
1118 758 1230 800 quae
1245 757 1272 786 a
1288 743 1454 787 Phania
1474 744 1661 800 profecta
1682 757 1772 786 esse
1792 743 2023 786 verisimile
2043 748 2107 787 est
2123 757 2260 799 neque
2283 742 2339 786 ad
2355 743 2637 802 Hermippum

369 820 608 866 auctorem,
653 817 690 857 si
737 814 843 871 quid
887 813 1031 866 video,
1076 813 1291 857 referenda
1338 819 1452 858 sunt.
1536 829 1636 857 nam
1683 814 1943 871 Hermippus
1989 813 2186 857 Solonem
2234 820 2331 871 post
2386 815 2636 859 institutam

369 882 645 938 σεισάχθειαν
675 884 819 928 eodem
860 889 1069 941 tempore,
1119 899 1206 940 quo
1236 886 1503 937 archontem,
1548 888 1786 943 νομοθέτην
1825 885 1881 927 ab
1924 883 2265 934 Atheniensibus
2305 890 2497 928 creatum
2547 900 2639 930 esse

371 972 453 998 non
485 959 743 1007 narraverat,
773 968 861 1011 qua
890 969 936 997 re
965 955 1128 997 factum
1160 961 1235 1007 est,
1266 960 1317 998 ut
1332 956 1603 1009 Plutarchus,
1633 970 1744 1012 quae
1775 970 1827 999 ex
1853 955 1941 998 alio
1971 956 2088 998 fonte
2116 955 2273 998 hausta
2300 957 2387 1012 jam
2419 957 2466 999 in
2495 958 2638 1014 capite

373 1027 439 1071 14.
469 1027 705 1071 narnatioui
722 1025 1002 1081 Hermippeae
1019 1026 1270 1078 inseruerat,
1299 1025 1445 1069 eadem
1477 1028 1521 1069 in
1553 1032 1743 1069 extremo
1772 1027 1913 1083 capite
1941 1027 2007 1068 16.
2056 1026 2335 1084 Hermippum
2367 1028 2638 1085 neglegenter

368 1101 543 1143 secutus
572 1098 730 1141 iterum
760 1095 959 1148 traderet,
990 1096 1132 1139 verbis
1162 1108 1288 1139 usus:
1332 1092 1407 1139 τὸν
1436 1094 1607 1139 Σόλωνα
1645 1098 1719 1155 τῆς
1762 1097 1977 1145 πολιτείας
2007 1095 2243 1154 διορθωτὴν
2283 1101 2354 1141 καὶ
2398 1102 2639 1157 νομοθέτην

369 1164 597 1218 ἀπέδειξαν
626 1201 636 1210 .
665 1201 674 1210 .
708 1201 718 1210 .
746 1201 756 1210 .
788 1164 941 1210 λύοντα
979 1168 1049 1209 καὶ
1081 1164 1346 1222 φυλάττοντα
1388 1169 1471 1209 τῶν
1499 1165 1772 1223 ὗπαρχόντων
1799 1169 1871 1211 καὶ
1899 1165 2178 1211 καθεστώτων
2197 1166 2260 1211 ὅτι
2292 1172 2444 1227 δοκοίη.
2505 1174 2638 1227 atque

369 1237 531 1282 accedit
546 1271 557 1289 ,
618 1238 732 1293 quod
778 1238 894 1293 prior
939 1237 1009 1280 ille
1054 1237 1193 1288 locus,
1254 1253 1339 1294 quo
1388 1238 1640 1282 Plutarchus
1689 1238 1887 1282 Solonem
1931 1239 2056 1282 simul
2111 1239 2355 1283 archontem
2405 1245 2449 1284 et
2495 1241 2637 1298 legum

367 1309 545 1353 latorem
575 1308 735 1352 factum
769 1323 859 1353 esse
889 1315 1048 1360 narrat,
1079 1309 1251 1352 minime
1280 1314 1405 1366 aptus
1435 1314 1520 1359 est,
1553 1324 1636 1365 quo
1667 1309 1883 1363 referatur,
1919 1324 2015 1353 cum
2046 1309 2158 1353 inter
2188 1325 2259 1361 ea,
2294 1311 2446 1367 quibus
2474 1314 2634 1362 narrat,

369 1379 577 1436 quomodo
606 1379 766 1422 civibus
796 1383 842 1423 et
871 1380 1071 1423 divitibus
1112 1386 1156 1423 et
1184 1380 1439 1436 pauperibus
1468 1395 1569 1423 usus
1598 1380 1673 1430 sit,
1707 1380 1808 1422 illud
1838 1379 2023 1423 alienum
2052 1380 2335 1424 immiscuerit.
2366 1382 2509 1437 itaque
2538 1396 2635 1425 cum

362 1453 454 1508 jam
483 1454 724 1507 quaeratur,
757 1454 899 1493 utrum
929 1466 976 1493 ex
1007 1450 1193 1493 Phaniae
1223 1452 1353 1507 ipsius
1384 1466 1438 1493 an
1469 1465 1517 1493 ex
1546 1450 1712 1507 Didymi
1743 1451 1845 1494 libro
1877 1453 2098 1507 utramque
2128 1453 2383 1495 sententiam
2413 1453 2632 1514 acceperit,

364 1522 588 1580 quoniam,
641 1536 716 1564 cur
744 1521 848 1563 illud
880 1524 1093 1564 statuatur
1110 1555 1119 1571 ,
1162 1521 1266 1564 nihil
1297 1522 1518 1572 habemns,
1566 1522 1634 1563 via
1663 1536 1711 1564 ac
1739 1522 1900 1564 ratione
1928 1522 1981 1564 ad
2012 1521 2242 1579 Didymum
2273 1523 2473 1567 ducimur.
2505 1530 2633 1580 atque

364 1596 401 1639 is
429 1593 617 1636 Phaniae
647 1593 801 1635 librum
832 1594 876 1635 in
906 1593 1014 1635 libro
1046 1608 1143 1643 suo,
1189 1608 1272 1649 quo
1305 1592 1555 1635 Plutarchus
1599 1607 1698 1635 usus
1740 1597 1828 1644 est,
1875 1594 2162 1649 componendo
2198 1596 2338 1638 nescio
2369 1610 2423 1637 au
2454 1595 2508 1637 ob
2539 1609 2632 1638 eam

362 1680 532 1710 causam
561 1664 847 1720 assumpserit,
879 1664 981 1719 quia
1012 1663 1067 1706 ad
1098 1663 1218 1706 illum
1248 1663 1506 1719 Asclepiadis
1537 1663 1643 1706 liber
1672 1663 1814 1719 aliquo
1847 1663 1968 1706 modo
1999 1664 2319 1721 pertinebat-'’5).
2380 1665 2630 1708 Plutarchus

363 1744 517 1788 autem,
549 1735 662 1792 quod
691 1736 727 1777 is
757 1738 1013 1785 narraverat,
1047 1750 1171 1791 quem
1202 1735 1245 1777 in
1275 1733 1555 1777 Thenistoclis
1587 1734 1699 1777 vitae
1730 1734 1868 1791 capite
1899 1737 1940 1779 3.
1972 1733 2105 1791 ἄνδρα
2136 1733 2379 1791 φιλόσοφον
2407 1739 2474 1779 καὶ
2506 1751 2631 1792 γραμ-

361 1806 506 1865 μάτων
535 1807 754 1863 ἱστορικῶν
783 1801 858 1849 οὐκ
888 1803 1066 1862 ἄπειρον
1098 1806 1294 1862 appellat,
1325 1805 1504 1848 libenter
1533 1819 1610 1848 suo
1640 1806 1745 1849 libro
1777 1807 1922 1862 inepto
1954 1806 2122 1863 quidem
2151 1807 2244 1850 loeo
2274 1808 2466 1852 inseruit.

483 1878 546 1922 De
585 1893 646 1932 ea,
691 1891 799 1933 quae
842 1877 1054 1932 sequitur,
1101 1880 1234 1933 parte,
1275 1892 1360 1933 qua
1396 1877 1526 1920 totius
1567 1876 1680 1919 vitae
1721 1876 1808 1919 tere
1849 1877 2100 1934 gravissima
2141 1877 2193 1921 de
2231 1879 2396 1936 legibus
2436 1878 2628 1922 Soloneis

363 1951 519 2010 agitur,
547 1963 685 2007 pauca
712 1947 905 1991 addenda
933 1950 1048 2000 sunt,
1080 1962 1176 1992 cum
1206 1949 1287 1991 nisi
1318 1949 1509 2006 singulae
1539 1947 1653 2005 leges
1683 1950 1877 1991 accurate
1907 1951 2116 1991 tractatae
2145 1948 2318 2001 fuerint,
2350 1964 2457 2005 quae
2488 1949 2539 1992 de
2568 1950 2628 1993 eis

362 2022 442 2065 hoc
471 2021 564 2064 loco
594 2018 832 2070 traduntur,
865 2018 965 2074 quid
996 2019 1177 2071 valeant,
1206 2023 1320 2062 certo
1351 2033 1434 2061 non
1467 2018 1601 2075 possit
1630 2018 1863 2074 dijudicari.
1910 2019 2082 2062 omnino
2113 2024 2268 2071 autem,
2300 2034 2408 2075 quae
2439 2021 2482 2062 in
2513 2021 2628 2076 capi-

361 2091 475 2136 tibus
508 2090 708 2135 17.—25.
741 2092 979 2140 narrantur,
1012 2090 1189 2132 maxima
1220 2105 1270 2132 ex
1301 2093 1421 2146 parte
1451 2093 1501 2132 ab
1535 2089 1761 2132 Aristotele
1791 2089 1982 2133 derivata
2010 2104 2085 2147 per
2106 2089 2345 2147 Didymum,
2377 2092 2448 2146 qui
2480 2090 2628 2134 dubito

363 2178 420 2207 an
448 2163 538 2219 ipse
576 2177 622 2205 ea
661 2176 687 2204 a
716 2160 930 2204 Demetrio
961 2159 1167 2204 Phalereo
1198 2161 1425 2217 acceperit,
1458 2160 1511 2203 ad
1543 2159 1816 2203 Plutarchum
1846 2160 2012 2218 perlata
2042 2175 2131 2204 esse
2171 2165 2215 2203 et
2245 2160 2434 2204 Prinzius
2465 2162 2492 2204 l.
2522 2175 2556 2204 c.
2588 2177 2629 2218 p.

366 2235 432 2278 18.
462 2249 523 2291 sq.
554 2236 599 2277 et
627 2233 781 2276 Rosius
812 2233 841 2276 l.
873 2246 909 2277 c.
940 2247 981 2288 p.
1015 2232 1132 2284 413.‚
1165 2236 1371 2290 quantum
1411 2231 1602 2288 equidem
1628 2231 1818 2287 judicare
1846 2245 2030 2287 possum,
2078 2231 2181 2274 satis
2220 2230 2624 2277 demonstraveruut.

359 2319 497 2362 neque
526 2319 637 2352 vero.
669 2304 859 2361 quisquis
889 2302 934 2346 in
964 2302 1182 2346 Plutarchi
1212 2302 1325 2345 libris
1357 2307 1546 2346 versatus
1575 2302 1670 2355 erit,
1701 2302 1936 2352 mirabitur,
1968 2303 2080 2359 quod
2110 2307 2258 2345 contra
2287 2317 2355 2354 ea,
2402 2317 2509 2358 quae
2539 2302 2627 2346 Ro-

362 2378 448 2421 sius
478 2375 712 2432 disputavit
741 2373 789 2430 (l.
821 2389 856 2418 c.
887 2390 928 2431 p.
962 2373 1092 2429 548.),
1124 2373 1289 2416 Priuzio
1319 2374 1538 2424 assentior,
1569 2388 1655 2416 non
1686 2388 1733 2416 ex
1764 2372 1932 2431 Didymi
1963 2374 2273 2417 commentariis
2317 2388 2382 2416 τω
2420 2373 2626 2429 dispersas

362 2462 413 2492 ac
441 2447 663 2503 dissipatas
675 2445 947 2489 Plutarchum
978 2445 1208 2503 collegisse,
1240 2445 1312 2488 sed
1342 2460 1392 2488 ex
1415 2444 1521 2487 libro
1543 2443 1760 2500 Didymeo,
1792 2443 1866 2500 qui
1885 2446 1986 2501 περὶ
2016 2447 2098 2487 τῶν
2132 2440 2292 2495 ἀξόνων
2330 2447 2411 2487 τῶν
2441 2441 2628 2493 Σόλωνος

363 2518 675 2567 inscribebatur,
707 2517 850 2560 omnia
881 2516 1211 2572 transscripsisse
1242 2515 1486 2558 affirmanti.

483 2603 545 2645 Ac
574 2602 755 2658 primum
786 2603 914 2656 caput
948 2601 1012 2642 17.
1046 2614 1094 2642 ex
1126 2598 1288 2656 Didymi
1320 2599 1423 2641 libro
1455 2598 1651 2640 haustum
1683 2614 1782 2642 esse.
1815 2598 1978 2641 etiamsi
2009 2598 2133 2640 certis
2164 2598 2335 2640 omniuo
2366 2596 2626 2652 argumentis

364 2673 624 2729 comprobari
667 2686 751 2715 nou
795 2671 951 2727 possit,
999 2674 1139 2712 tamen
1178 2685 1226 2712 eo
1274 2669 1495 2712 verisimile
1535 2674 1620 2718 est,
1652 2668 1763 2724 quod
1803 2673 1931 2724 caput
1967 2669 2032 2712 17.
2065 2672 2108 2710 et
2138 2671 2265 2723 capnt
2302 2669 2364 2711 15.
2407 2667 2618 2710 vocabulis

365 2745 533 2799 πρῶτον
560 2747 603 2787 et
633 2740 825 2798 δεύτερον
854 2742 1081 2796 conjuncta
1111 2742 1223 2784 inter
1252 2756 1296 2783 se
1327 2744 1427 2783 sunt
1456 2744 1500 2782 et
1530 2740 1573 2782 iu
1604 2741 1740 2795 capite
1780 2741 1843 2783 19.
1875 2754 2040 2796 quoque
2073 2740 2183 2795 leges
2217 2738 2475 2781 Draconteae
2504 2751 2621 2781 com·

366 2818 663 2857 memorantur.
724 2827 831 2869 quae
869 2827 964 2855 vero
1010 2812 1053 2854 in
1097 2812 1234 2868 priore
1273 2811 1422 2866 capitis
1472 2811 1538 2853 18.
1571 2819 1691 2866 parte
1730 2810 1909 2852 breviter
1937 2824 1983 2852 ac
2015 2810 2253 2866 perspicue,
2301 2812 2398 2864 apte
2427 2812 2621 2865 reeteque

363 2876 600 2935 narrantur,
631 2899 681 2928 ea
709 2885 809 2940 quin
833 2888 876 2926 et
891 2883 942 2925 ab
969 2883 1195 2926 Aristotele
1226 2882 1412 2939 profecta
1443 2882 1529 2924 sint
1558 2886 1601 2924 et
1631 2880 1682 2923 ad
1706 2880 1870 2938 Didymi
1892 2881 2184 2923 auctoritatem
2207 2878 2419 2922 referenda
2447 2878 2621 2923 dubium

363 2971 449 2999 non
480 2959 556 2998 est.
575 2952 635 3010 ⁶⁸)
693 2955 763 2998 sed
796 2954 928 2998 nihilo
959 2954 1088 2997 setius
1120 2954 1289 2997 alteram
1320 2955 1496 3009 partem,
1529 2967 1635 3008 quae
1667 2952 1814 3008 incipit
1844 2967 1869 2994 a
1900 2952 2031 2995 verbis
2062 2953 2218 3005 λέγεται
2252 2951 2297 2992 δὲ
2326 2952 2407 3001 καί,
2438 2952 2488 2992 ab
2510 2948 2621 2993 Her-

459 3155 504 3201 ιιι)
528 3167 562 3191 v.
588 3154 771 3198 Schmidtz
797 3155 822 3192 1.
849 3167 878 3192 c.
906 3167 942 3201 p.
970 3155 1051 3191 899.

459 3214 504 3261 ⁸⁸)
529 3216 574 3253 ci.
602 3214 737 3252 Pollux
761 3214 797 3259 8,
826 3216 902 3252 180.
928 3227 963 3251 v.
989 3214 1097 3256 Rosa,
1123 3214 1146 3250 1.
1174 3225 1204 3250 c.
1232 3225 1265 3258 p.
1293 3213 1373 3248 411.
1425 3210 1546 3251 Prinz,
1575 3211 1597 3246 1.
1625 3222 1653 3246 c.
1682 3221 1717 3255 p.
1748 3210 1800 3246 18.

2279 3254 2337 3298 3.
