2684 3606
367 649 388 676 ‘⁶
491 635 997 739 ‘Quaestionum
1042 634 1479 709 Solonearum
1501 622 1853 727 'particula
1899 634 2127 709 altera.

259 811 286 822 ²
1288 789 1355 836 De

136 863 167 960 ,g
272 847 282 868 ,
298 880 499 936 insula
533 880 827 938 Salamine
863 877 1076 934 Solone
1111 878 1352 933 auctore
1386 878 1461 934 ab
1495 878 1958 934 Atheniensibus
1994 877 2344 946 expugnata.

910 989 1094 1046 Scripsit
1122 988 1335 1036 henricus
1364 989 1626 1048 Benemann,
1649 991 1725 1034 Dr.

222 1098 254 1143 3,
281 1104 840 1168 .·÷>hamm›quaestionum
870 1110 1133 1168 particula*)
1165 1113 1359 1168 quoniam
1391 1127 1524 1169 nuper
1554 1110 1835 1156 Plutarchea'e
1864 1112 2034 1155 Solonis
2070 1112 2195 1167 vitae,
2235 1116 2381 1168 utpote
2421 1112 2464 1154 in
2502 1125 2586 1168 qna

349 1200 417 1239 g..
439 1178 581 1222 ,ιᾱιιιιι
626 1180 683 1222 sit
726 1179 848 1234 quasi
881 1178 1193 1221 fundamentum
1237 1179 1441 1222 historiae
1472 1179 1642 1223 Solonis
1685 1191 1785 1222 vere
1822 1178 2142 1231 construendae,
2186 1178 2326 1234 quoad
2370 1179 2463 1234 ejus
2491 1178 2584 1222 fieri

372 1247 454 1300 551¹,
498 1246 570 1302 qui
599 1252 744 1290 essent
773 1245 921 1299 fontes,
967 1260 1075 1301 quae
1110 1247 1354 1300 auctoritas,
1399 1247 1536 1289 denuo
1582 1245 1823 1302 indagando
1853 1258 2001 1290 eruere
2033 1252 2161 1300 atque
2205 1245 2464 1288 constituere
2493 1258 2585 1289 sum

331 1310 403 1356 'ne
431 1313 486 1355 ad
519 1327 587 1356 res
632 1313 748 1369 ipsas
779 1313 1024 1355 tractandas
1069 1327 1375 1369 progressurus
1406 1315 1582 1370 primum
1612 1313 1726 1355 haud
1755 1312 1936 1356 alienum
1979 1325 2075 1355 esse
2107 1312 2253 1367 putavi
2300 1312 2512 1367 inquirere
2538 1313 2585 1355 in

76 1423 117 1445 ne
140 1371 292 1442 45⁵3·
319 1379 496 1432 insulae,
526 1392 635 1435 quae
665 1379 822 1422 Solone
851 1385 895 1422 et
915 1385 1091 1423 auctore
1121 1386 1162 1423 et
1193 1380 1299 1423 duce
1322 1381 1435 1423 sacta
1456 1394 1549 1423 esse
1573 1381 1715 1432 fertur,
1746 1379 2113 1435 expugnationem,
2145 1378 2197 1420 de
2219 1392 2301 1433 qua
2322 1379 2394 1435 qui
2418 1379 2586 1435 judicia

135 1459 279 1536 'istus
305 1446 587 1503 protulerunt,
631 1446 810 1489 maxime
839 1459 866 1488 a
896 1459 996 1488 vero
1027 1447 1293 1490 aberravisse
1338 1448 1437 1489 mihi
1478 1448 1558 1489 visi
1600 1451 1708 1489 sunt.
1780 1459 1889 1501 quae
1925 1459 2018 1488 cnm
2053 1445 2164 1488 inter
2193 1458 2347 1498 omnes,
2392 1458 2501 1502 quae
2529 1446 2584 1489 ad

178 1525 261 1556 em
290 1512 514 1568 pertinent,
544 1526 615 1557 res
644 1512 871 1555 secundum
901 1514 1017 1568 ipsas
1047 1512 1165 1568 leges
1196 1515 1445 1570 saepissime
1475 1527 1501 1555 a
1530 1527 1666 1556 rerum
1703 1511 1983 1567 scriptoribus
2011 1511 2082 1554 vel
2108 1517 2279 1555 narrata
2309 1513 2375 1555 iel
2406 1525 2584 1557 comme·

45 1583 229 1626 -mordn
252 1579 328 1623 sit.
371 1592 420 1623 re
449 1593 553 1623 vera
582 1579 792 1635 quomodo
821 1593 866 1622 se
895 1580 1091 1622 habuerit
1120 1580 1229 1622 tradi
1260 1581 1395 1635 magis
1425 1581 1643 1635 magisque
1674 1579 1811 1621 desita
1854 1584 1931 1621 est
1995 1592 2176 1635 namque
2213 1579 2326 1635 qnod
2366 1581 2488 1623 istius
2524 1581 2585 1625 in-

8 1642 190 1706 gd&
212 1647 473 1706 expugnatio
503 1653 547 1690 et
574 1647 827 1702 gravissima
857 1646 936 1688 fuit
967 1646 1276 1702 amplificandis
1309 1646 1485 1689 fortunis
1525 1646 1760 1702 opibusque
1796 1645 2125 1700 Atheniensium,
2170 1646 2327 1702 quippe
2359 1648 2430 1701 qui
2459 1653 2586 1692 autea

36 1709 113 1766 ,vi
135 1708 429 1770 &basiliusque
465 1713 667 1756 facillime
695 1727 722 1755 a
741 1714 845 1755 mari
881 1713 1140 1756 intercludei
1143 1717 1274 1766 entur
1306 1720 1348 1755 et
1367 1714 1588 1768 aptissima
1612 1713 1665 1755 ad
1690 1711 1987 1755 celebrandam
2014 1712 2193 1768 gloriam
2214 1713 2394 1756 Solonis
2426 1713 2585 1772 quippe

62 1855 120 1888 ue
142 1855 258 1887 nnnc
287 1843 458 1900 quidem
485 1844 676 1888 homines
706 1845 821 1887 docti
852 1846 957 1887 satis
989 1854 1267 1890 1·.emoverunt
1326 1846 1440 1900 quod
1473 1859 1570 1889 vere
1601 1860 1665 1888 me
1702 1845 1846 1889 dicere
1883 1845 2010 1888 facile
2040 1846 2261 1899 concedes,
2300 1847 2335 1887 si
2367 1861 2417 1889 ea
2448 1848 2585 1892 memi-

63 1921 191 1964 nens,
219 1923 330 1966 quae
358 1910 412 1954 de
446 1912 586 1958 insula
614 1911 825 1955 Salamine
869 1923 1111 1970 expugnata
1155 1915 1198 1956 in
1227 1927 1356 1968 egieg
1345 1914 1401 1954 io
1435 1913 1508 1955 illo
1554 1913 1607 1955 de
1647 1914 1773 1955 rebus
1811 1903 1990 1955 Graecis
2026 1912 2137 1956 libro
2173 1911 2377 1956 Ernestus
2413 1914 2584 1959 Curtius

22 1977 259 2038 pseu-ipsit,
311 1976 479 2033 elegiae
506 1978 616 2021 euim
647 1978 856 2022 Soloneae
886 1980 1079 2034 reliquiis
1110 1982 1203 2037 ipse
1235 1979 1542 2035 quodammodo
1563 1980 1771 2022 excitatus
1802 1986 1846 2022 et
1863 1992 2091 2036 percussus
2121 1979 2174 2023 de
2198 1979 2366 2024 Solonis
2388 1981 2583 2025 laudibus

0 2056 52 2110 g
35 2038 220 2105 gna&
247 2042 428 2104 quadam
456 2049 501 2087 et
529 2043 696 2088 sublimi
741 2047 933 2089 oratione
978 2060 1076 2089 usus
1107 2047 1335 2090 identidem
1381 2046 1581 2089 disseruit
1610 2059 1670 2098 ea,
1720 2059 1828 2100 quae
1855 2046 1955 2101 quin
1985 2046 2212 2103 perpaucis
2241 2047 2473 2102 probentur
2501 2062 2584 2092 non

238 2113 382 2168 quam
410 2110 464 2153 ob
492 2123 578 2153 rem
610 2113 663 2154 ab
694 2113 875 2155 Ernesto
905 2113 958 2155 de
987 2115 1169 2157 Leutsch
1202 2114 1364 2170 (philol.
1395 2128 1435 2154 ι.
1466 2112 1629 2156 XXXI
1660 2126 1700 2168 p.
1718 2111 1808 2152 144.
1837 2112 1920 2168 sq)
1954 2126 2039 2155 non
2059 2114 2118 2155 ita
2137 2113 2292 2156 leniter
2311 2115 2583 2171 vituperatuS,

3 2170 326 2223 ffu'ntls
353 2182 546 2230 mutaret,
579 2192 630 2221 ne
659 2179 701 2220 in
733 2186 883 2234 quarta
914 2180 1081 2235 quidem
1113 2181 1298 2223 editione
1328 2181 1425 2222 anni
1461 2177 1579 2220 1871.
1616 2179 1665 2233 (1.
1696 2192 1738 2234 p.
1767 2177 1881 2232 304.)
1911 2192 1937 2221 a
1965 2191 2012 2222 se
2041 2179 2298 2234 impetravit.

60 1777 139 1833 qui
164 1768 312 1834 aliquo
339 1779 467 1823 modo
496 1780 823 1836 expugnationis
852 1780 1071 1836 particeps
1102 1780 1269 1822 fuisset:
1316 1779 1471 1822 sactum
1502 1787 1577 1831 est,
1622 1786 1670 1821 ut
1698 1779 1881 1834 caligine
1912 1779 2092 1834 quadam
2121 1759 2413 1832 obduceretur,
2459 1794 2584 1836 quam

183 2243 339 2299 Atque
369 2256 473 2285 unus
505 2244 575 2299 qui
605 2250 746 2287 exstat
766 2246 1003 2300 primax-ine,
1034 2252 1079 2289 ut
1108 2247 1168 2289 ita
1188 2247 1337 2300 dicam,
1369 2261 1418 2288 ac
1440 2245 1610 2290 Solonis
1640 2245 1775 2301 ipsius
1796 2248 1937 2287 aetate
1966 2250 2083 2287 ortus
2106 2259 2241 2289 rerum
2264 2246 2584 2291 Salaminiarmn

3 2281 165 2373 “im
173 2316 259 2374 φὶ
284 2322 348 2364 ea,
377 2323 487 2366 quae
519 2317 690 2354 servata
718 2317 794 2363 est,
824 2312 938 2354 illius
968 2314 1167 2355 carminis
1196 2328 1308 2369 pars,
1345 2312 1455 2368 quod
1495 2311 1662 2367 quidem
1691 2311 1794 2355 Solo
1830 2313 2078 2367 composuit,
2115 2320 2160 2356 ut
2198 2314 2314 2356 cives
2344 2313 2398 2355 ad
2429 2313 2586 2359 bellum

4 2358 519 2438 &Megarenses
549 2378 834 2421 renovandum
865 2380 1085 2423 excitaret.
1154 2380 1251 2422 inde
1283 2380 1412 2434 igitur
1441 2392 1534 2422 cum
1564 2379 1607 2420 in
1645 2391 1814 2420 causum
1850 2377 2120 2433 ingredimur,
2154 2379 2246 2434 jam
2278 2380 2391 2423 velut
2420 2381 2461 2422 in
2492 2380 2586 2437 ejus
2656 2415 2667 2433 ,

15 2430 279 2488 veum
305 2444 581 2487 observamur
609 2450 798 2487 exortam
830 2446 1132 2501 quaestionem,
1176 2461 1271 2488 num
1304 2460 1410 2501 quae
1452 2445 1582 2500 vulgo
1615 2444 1804 2487 feruntur
1847 2458 1894 2488 re
1921 2458 2024 2488 vera
2054 2459 2104 2488 ex
2142 2446 2217 2489 illa
2247 2446 2415 2490 Solonis
2445 2446 2586 2503 elegia
2632 2491 2634 2494 ,

69 2494 301 2553 οτιιΒΜ
344 2522 526 2566 namque
556 2524 609 2553 ex
638 2510 845 2563 distichis,
892 2526 999 2566 quae
1030 2513 1236 2566 dicuntm,
1279 2518 1490 2568 quattuor,
1535 2525 1586 2554 ex
1618 2512 1770 2567 quibus
1812 2511 1993 2568 elegiam
2023 2512 2293 2556 Salaminiam
2340 2514 2585 2561 constitisse

70 2572 207 2619 τοι-ὼ
228 2574 462 2632 scriptores
490 2576 766 2631 tradiderunt,
797 2578 895 2621 olim
926 2579 1182 2622 Niebuhrius
1227 2579 1397 2632 (ιοιὶοε.
1430 2579 1496 2620 iib.
1529 2577 1613 2620 alte
1643 2578 1786 2632 gesch.
1817 2577 1850 2621 1.
1880 2592 1920 2635 p.
1951 2578 2066 2631 344.)
2097 2593 2219 2622 unum
2250 2594 2301 2622 ac
2329 2580 2496 2634 quidem
2526 2580 2584 2637 id,

0 2643 42 2731 {3
69 2634 186 2698 quod
210 2639 463 2698 Plutarchus
490 2644 669 2700 primum
701 2644 830 2688 fuisse
860 2652 1014 2699 uariat,
1061 2646 1271 2689 subditum
1308 2658 1401 2687 esse
1425 2644 1648 2699 jndicaxit,
1693 2643 1805 2699 quod
1834 2659 1970 2702 nuper
1997 2645 2249 2689 Leutschius
2293 2646 2318 2688 l
2350 2661 2386 2688 c.
2416 2659 2458 2702 p.
2492 2646 2584 2692 13⁷.

67 2705 205 2751 denuo
233 2708 407 2751 monuit.
464 2715 531 2753 est
558 2715 695 2753 autem
727 2712 827 2755 hoc·

0 2782 38 2834 i}
824 2779 940 2824 αὐτὸς
973 2778 1089 2835 κῆρυξ
1122 2776 1244 2833 ἦλθον
1275 2778 1340 2833 ἀφ
1371 2778 1528 2833 ἱμερτῆς
1558 2776 1786 2832 Σαλαμῖνος,

0 2835 4 2839 ’
824 2844 969 2899 κόσμον
1001 2844 1126 2886 ἐπέων
1157 2843 1262 2899 αὐδήν
1292 2845 1323 2885 τ’
1353 2841 1430 2884 ἀντ’
1460 2843 1604 2899 ἀγορῆς
1633 2842 1806 2899 θέμενος.

30 2910 199 2972 :atque
225 2907 432 2965 profecto,
476 2915 524 2953 ut
552 2923 636 2954 non
679 2910 816 2954 dicam
848 2912 951 2955 haec
983 2924 1060 2967 per
1102 2924 1147 2953 se
1177 2911 1322 2967 inepta
1350 2923 1456 2963 esse,
1489 2911 1583 2966 quis
1612 2916 1704 2953 erat
1751 2910 1821 2966 qui
1852 2910 1997 2955 Soloni
2029 2911 2235 2965 crederet,
2275 2924 2327 2954 ex
2363 2911 2500 2956 insula
2528 2914 2585 2958 ab

48 2973 262 3034 J'fi'vsstibus
291 2982 503 3032 occupata
530 2976 718 3021 Athenas
748 2979 916 3021 venisse
944 2978 1225 3033 praeconem?
1274 2977 1386 3034 quid,
1432 2976 1543 3033 quod
1575 2976 1787 3021 Salamine
1812 2990 1906 3020 cum
1936 2991 2187 3033 praeconem
2234 2978 2376 3021 venire
2406 2991 2583 3024 necesse

84 3041 167 3098 ;.ζ,
211 3033 496 3095 Salaminium,
527 3048 665 3086 tamen
692 3043 742 3097 is,
788 3044 859 3100 qui
890 3043 1072 3096 advenit,
1111 3038 1320 3097 Ἀθηναῖον
1350 3043 1441 3085 sive
1457 3040 1635 3084 Ἀττικὸν
1664 3057 1710 3087 se
1731 3044 1948 3087 nominans
1968 3044 2156 3087 Athenas
2180 3045 2372 3099 patriam,
2402 3050 2450 3088 ιιι
2466 3057 2585 3101 igno·

0 3102 94 3155 ,355
265 3105 442 3164 fugeret,
477 3109 563 3152 alia
591 3110 731 3166 patria
760 3116 1015 3153 commutare
1043 3109 1242 3152 ardenter
1271 3122 1426 3165 cupere
1458 3121 1550 3151 sese
1570 3107 1762 3164 affirmat,
1791 3123 1845 3154 ne
1872 3110 1913 3153 in
1941 3124 2113 3154 numero
2149 3113 2224 3151 τῶν
2257 3107 2585 3168 Σαλαμιναφετῶν

206 3171 207 3174 ’
252 3182 386 3213 ·1··:
421 3182 465 3219 et
493 3175 604 3219 sama
631 3176 887 3220 haberetur?
922 3189 1059 3231 neque
1086 3189 1190 3219 vero
1222 3175 1313 3219 fieri
1343 3180 1523 3231 poterat,
1553 3181 1599 3219 ut
1624 3173 1731 3230 ἴομεν
1767 3175 1927 3220 (liceret
1958 3178 1992 3220 is
2023 3190 2190 3233 praem,
2226 3177 2297 3233 qui
2332 3176 2426 3234 ipse
2463 3176 2580 3222 Sala-

0 3294 4 3304 :
71 3220 427 3298 mmmm
456 3242 747 3295 Athenienses,
788 3248 835 3286 ut
862 3242 1016 3286 bellum
1048 3243 1212 3296 inirent,
1256 3254 1520 3285 commovere
1549 3241 1738 3285 studeret
1781 3242 1852 3297 (cf.
1887 3243 2110 3295 Hermann,
2155 3242 2286 3287 lehrb.
2317 3241 2395 3287 der
2422 3244 2584 3299 grieeh.

190 3378 244 3425 9)
266 3373 351 3418 edit.
368 3380 459 3420 fl..
482 3384 716 3431 Gottlugeusi
741 3386 779 3420 οι
802 3394 919 3430 progr.
946 3385 1251 3420 Holtosmiudensi
1276 3396 1306 3420 a.
1332 3383 1428 3421 1875.
