2840 3698
1381 67 1675 111 ...11-

390 207 507 249 recte
531 201 809 261 nqis-int.
864 197 1048 242 alterum
1075 197 1480 257 veroHermippeae
1507 198 1767 242 narrationis
1786 196 2003 250 indicium,
2033 197 2147 254 quod
2174 199 2222 242 in
2246 202 2439 243 extrema
2461 204 2669 264 eapti-to,

392 274 448 319 ds
473 285 561 332 qna
587 270 743 331 agitur,
770 273 941 313 exstare
968 267 1093 313 modo
1122 268 1224 323 dixi,
1253 270 1366 313 inest
1397 271 1444 313 in
1474 268 1626 323 verbis,
1654 283 1764 326 qnae
1791 269 1839 313 in
1857 273 1995 322 capite
2011 268 2079 312 10.
2098 269 2259 327 scripta
2276 269 2484 315 videmus:
2513 268 2669 330 ταύτην

390 340 471 404 τὴν
520 344 640 401 δίκην
692 338 896 385 ἐδίκασαν
949 342 1229 397 Σπαρτιατῶν
1289 344 1420 384 πέντε
1480 338 1627 396 ἄνδρες
1682 340 1971 397 Κριτολαΐδας,
2030 335 2357 396 Ἀμομφάρετος,
2413 338 2667 400 Ὑψηχίδας,

391 411 608 466 wne,
635 412 886 469 Κλεομένης,
925 415 968 454 et
997 426 1047 454 eo
1077 410 1258 468 quidem,
1286 410 1401 468 quod
1431 412 1619 468 quinque
1639 411 1895 455 arbitrorum
1909 409 2340 455 Lacedaemoniorum
2369 412 2463 469 ipsa
2491 414 2666 474 nomina

391 483 638 531 &untur-
696 482 810 540 quod
842 497 925 540 quo
950 484 1044 540 jure
1073 496 1101 525 a
1131 497 1199 526 me
1217 481 1403 535 dicatur,
1462 496 1719 538 quamquam
1750 497 1805 526 ne
1835 483 1931 540 quis
1959 483 2098 540 primo
2126 487 2302 540 aspectu
2320 484 2499 526 miretur
2526 485 2668 538 timeo,

391 559 539 601 tamen
566 554 636 598 his
665 554 908 598 nominibus
927 554 1073 597 allatis
1103 554 1312 597 contineri
1326 554 1571 611 putaverim
1603 554 1819 610 proprium
1845 553 2046 610 quiddam
2061 555 2150 611 ejiis
2174 554 2372 606 auctoris,
2401 555 2520 610 cujus
2538 568 2672 611 genus

170 679 171 682 Ἰ
195 667 222 676 ,
391 625 594 670 narrandi
623 626 901 669 artificiosum
931 626 1152 682 aptissime
1190 638 1289 668 cum
1318 625 1582 668 nostratium
1623 625 1685 668 eis
1725 625 2043 668 narrationibus
2071 629 2360 682 comparetur,
2400 639 2528 682 quae,
2567 625 2671 669 licet

29 743 35 747 ff
122 734 126 735 γ
143 692 700 759 ’,ᾏ-ῑῑζ-ψνβψᾶιωωοᾶο
730 696 901 754 quidem
930 697 1152 739 historiam
1182 694 1391 739 imitando
1428 696 1625 747 referant,
1655 695 1792 738 nihilo
1823 701 1967 739 tamen
1997 697 2131 740 setius
2160 695 2471 749 Rcmanenses,
2515 701 2566 739 ut
2604 698 2670 740 ita

33 759 35 761 ¹
117 773 120 774 ’
153 758 186 778 “’
395 769 544 822 dicam,
573 770 846 826 appellantur
875 768 1055 812 fabulae.
1115 768 1211 824 quis
1241 768 1355 811 enim
1386 771 1453 811 est
1485 767 1589 823 quin
1620 767 1798 819 noverit,
1842 768 1993 823 quanti
2023 769 2227 811 momenti
2256 769 2345 812 sint
2374 770 2469 826 ipsa
2498 769 2673 812 nomina

395 842 442 885 in
471 841 667 883 omnibus
697 840 822 883 rebus
850 844 896 883 et
924 837 1148 881 narrandis
1178 842 1223 880 et
1251 836 1476 880 credendis
1491 837 1514 880 ?
1574 851 1757 894 namque
1797 842 1848 880 ut
1887 838 2156 882 ambulantes
2196 840 2405 882 montium
2435 838 2672 894 fluminum,

397 912 566 955 urbium
581 913 781 964 vicorum,
809 909 963 952 florum
991 908 1224 960 stellarum,
1254 922 1362 964 quae
1391 907 1781 962 animadvertimus,
1811 909 1984 951 nomina
2005 910 2172 953 novisse
2206 910 2437 964 studemus,
2467 912 2591 967 quasi
2613 913 2676 955 eis

398 983 582 1040 cognitis
600 996 668 1025 res
692 983 811 1038 ipsae
833 979 972 1036 magis
990 984 1310 1036 cognoscantur,
1342 980 1405 1021 ita
1423 980 1468 1021 in
1485 980 1578 1022 vita
1592 978 1808 1023 cotidiana
1823 981 1996 1022 nomina
2018 995 2162 1024 eorum
2177 982 2408 1035 hominum,
2422 982 2674 1039 quibuscum

398 1054 613 1111 congressi
626 1066 783 1103 sumus,
811 1051 850 1094 si
875 1064 960 1107 qua
974 1064 1020 1092 re
1051 1050 1172 1093 nobis
1197 1054 1274 1092 aut
1303 1050 1558 1106 placuerunt
1574 1056 1650 1096 aut
1665 1050 1985 1108 displicuerunt,
2015 1052 2070 1095 ob
2094 1051 2269 1096 eandem
2299 1067 2472 1096 causam
2486 1055 2674 1098 maxime

397 1138 521 1168 nosse
549 1123 754 1180 cupimus.
814 1122 973 1179 pariter
988 1136 1087 1164 vero
1118 1121 1248 1164 libros
1279 1135 1376 1164 cuin
1405 1121 1602 1178 legimus,
1632 1122 1671 1165 ei
1701 1122 1904 1175 homines,
1933 1137 2112 1179 quoi-uin
2143 1125 2313 1167 nomina
2344 1123 2555 1177 dicuntur,
2584 1125 2675 1169 sive

394 1194 721 1238 delectationem
751 1195 840 1237 sive
869 1192 1200 1235 misericordiam
1230 1193 1368 1235 multo
1400 1193 1571 1235 facilius
1603 1193 1724 1236 nobis
1756 1206 1922 1237 movere
1952 1194 2101 1246 solent,
2133 1209 2258 1251 quam
2290 1210 2467 1252 quorum
2499 1197 2673 1239 nomina

395 1280 482 1309 non
511 1265 757 1308 afferuntur.
818 1263 931 1321 quod
960 1265 1145 1306 maxime
1175 1264 1358 1320 pertinet
1388 1263 1443 1306 ad
1474 1278 1556 1316 eoa,
1587 1265 1660 1320 qui
1690 1263 1792 1320 quid
1817 1265 2043 1322 insigniter
2058 1270 2134 1308 aut
2155 1267 2335 1322 gessisse
2354 1272 2431 1310 aut
2446 1267 2562 1324 passi
2580 1281 2673 1311 esse

395 1341 634 1380 narrantur.
684 1337 830 1392 itaque
845 1336 998 1388 evenit,
1026 1339 1077 1377 ut
1106 1349 1156 1377 ea
1185 1336 1441 1388 narratione,
1473 1349 1558 1391 qua
1573 1335 1769 1378 omnibus
1801 1339 1844 1378 et
1872 1335 1998 1379 rebus
2027 1341 2071 1379 et
2096 1337 2337 1380 hominibus
2352 1338 2524 1380 nomina
2539 1338 2671 1395 impo-

394 1409 480 1451 sita
509 1409 608 1459 sint,
638 1407 770 1450 multo
802 1406 935 1463 magis
951 1406 1196 1458 faciliusque
1211 1410 1441 1449 teneamur
1457 1420 1584 1462 quam
1600 1420 1685 1462 qua
1715 1407 1992 1459 omittantun
2022 1407 2280 1463 acceditque,
2309 1413 2359 1451 ut
2388 1410 2577 1452 narratio
2606 1410 2671 1452 ita

395 1479 616 1531 instructa,
645 1478 814 1521 etiamsi
843 1476 945 1520 ficta
974 1477 1043 1530 sit,
1073 1477 1210 1519 multo
1235 1478 1436 1533 majorem
1467 1477 1623 1520 habeat
1652 1479 1833 1534 speciem
1865 1479 2070 1521 veritatis.
2116 1480 2270 1522 mirum
2301 1481 2434 1537 igitur
2463 1485 2671 1536 quantum

395 1551 441 1594 in
471 1549 667 1593 omnibus
696 1549 821 1591 rebus
850 1546 1072 1590 narrandis
1102 1548 1276 1590 nomina
1291 1547 1434 1590 valere
1454 1561 1550 1590 euin
1581 1564 1703 1592 nemo
1719 1564 1804 1592 non
1821 1550 2041 1606 cognitum
2070 1550 2211 1603 habet,
2241 1555 2334 1593 tum
2365 1551 2469 1594 bene
2491 1557 2671 1608 apteque

395 1621 516 1674 libro,
561 1621 635 1677 qui
680 1635 814 1677 nuper
862 1620 907 1661 in
950 1633 1102 1662 manus
1148 1632 1263 1661 meas
1304 1620 1423 1662 venit
1438 1652 1447 1670 ‚
1487 1619 1693 1662 Ernestus
1739 1619 1945 1663 Eckstein
1979 1620 2190 1664 disseruit.
2198 1619 2253 1675 ¹⁸)
2314 1621 2425 1678 quod
2471 1623 2534 1664 ita
2578 1637 2670 1666 esse

394 1706 493 1736 cum
507 1691 764 1748 Hermippus
795 1704 961 1747 quoque
990 1690 1283 1742 intellexisset,
1313 1691 1442 1733 sicuti
1473 1694 1517 1732 et
1546 1692 1597 1743 ei,
1626 1691 1701 1747 qui
1721 1694 1846 1748 aptas
1875 1690 1932 1734 ad
1960 1691 2196 1749 legentium
2215 1693 2380 1735 animos
2401 1692 2669 1737 delectandos

394 1763 572 1806 fabellas
602 1762 804 1814 scribunt,
833 1775 1033 1818 personas
1064 1761 1195 1804 etiam
1224 1762 1411 1803 minores
1448 1762 1702 1805 nominatim
1732 1762 1979 1819 plerumque
1998 1762 2208 1807 inducunt
2237 1769 2282 1807 et
2311 1765 2362 1816 ei,
2392 1765 2463 1820 qui
2494 1764 2661 1808 fabulas

394 1838 591 1885 narrant,
634 1834 673 1876 si
702 1832 868 1890 quando
908 1834 1028 1888 cujus
1074 1847 1227 1875 nomen
1258 1833 1365 1875 exiit
1395 1834 1619 1886 memoria,
1663 1833 1719 1876 ad
1758 1832 2020 1876 audientium
2060 1838 2223 1877 mentes
2263 1834 2510 1877 alliciendas
2549 1834 2668 1878 aliud

395 1906 588 1950 celeriter
615 1903 795 1962 fingunt,
823 1904 886 1946 ita
900 1904 990 1960 ipse
1011 1917 1187 1959 quoque,
1216 1903 1290 1946 ubi
1311 1903 1558 1960 complures
1578 1903 1770 1947 homines
1790 1918 1876 1947 una
1895 1904 2061 1961 aliquid
2080 1906 2262 1962 gessisse
2282 1911 2439 1957 narrat,
2469 1907 2672 1972 magnios,

394 1977 484 2021 sive
513 1976 687 2019 nomina
715 1975 772 2018 ab
800 1975 900 2017 aliis
929 1973 1090 2017 tradita
1130 1975 1294 2031 accepit
1324 1975 1426 2027 sive,
1458 1974 1502 2017 id
1532 1973 1644 2032 quod
1673 1976 1844 2033 saepius
1874 1975 2036 2019 factum
2067 1990 2158 2019 esse
2187 1977 2416 2019 verisimile
2448 1983 2532 2027 est,
2582 1978 2674 2035 ipse

391 2047 673 2105 excogitavit,
721 2047 977 2090 nominatim
1006 2046 1242 2103 appellasse
1274 2045 1460 2088 videtur.
1531 2060 1583 2089 ac
1611 2047 1795 2104 contigit
1825 2047 1968 2100 nobis,
2012 2052 2062 2091 ut
2101 2062 2234 2090 unum
2274 2048 2427 2091 saltem
2468 2048 2671 2104 ejusmodi

393 2119 633 2176 exemplum
664 2132 692 2161 a
706 2117 936 2160 Plutarcho
967 2115 1174 2159 traditum
1208 2116 1356 2160 afferre
1387 2131 1619 2174 possemus.
1661 2119 1698 2161 is
1729 2119 1841 2161 enim
1872 2118 1918 2162 in
1947 2119 2064 2162 vitae
2074 2119 2323 2176 Lycurgeae
2351 2120 2491 2176 capite
2521 2121 2671 2175 quinto

354 2238 358 2242 ¹
394 2193 552 2241 narrat,
581 2203 634 2231 ex
650 2188 829 2245 triginta
844 2188 959 2240 viris,
989 2188 1062 2243 qui
1077 2201 1105 2230 a
1130 2187 1340 2245 Lycurgo,
1371 2193 1420 2231 ut
1438 2189 1553 2245 leges
1568 2202 1667 2231 suas
1688 2189 1836 2232 invitis
1857 2188 2206 2233 Lacedaemoniis
2222 2190 2266 2233 vi
2281 2191 2491 2247 perferret,
2515 2191 2671 2234 armati

393 2264 437 2304 et
455 2264 603 2318 postea
637 2263 853 2303 senatores
884 2259 988 2302 facti
1020 2273 1110 2301 esse
1136 2257 1398 2311 dicebantur,
1429 2259 1585 2316 viginti
1608 2259 1886 2317 Hermippum
1922 2261 2150 2303 nobiliores
2171 2262 2423 2304 nominatim
2459 2261 2666 2306 attulisse.

393 2346 572 2389 quorum
604 2331 776 2374 nomina
805 2329 862 2373 ab
890 2345 940 2373 eo
969 2328 1071 2372 ficta
1103 2344 1194 2373 esse
1220 2331 1308 2386 jam
1344 2329 1581 2374 Odofredus
1610 2330 1793 2374 Mueller
1803 2330 1861 2385 ²⁴)
1891 2333 2133 2389 suspicatus
2164 2338 2240 2375 est.
2310 2347 2444 2389 neque
2473 2331 2666 2389 equidem

396 2401 557 2456 dubito,
586 2416 682 2445 cum
713 2400 1030 2445 consuetudinis
1058 2401 1177 2443 illius
1207 2400 1490 2458 Hermippeae
1531 2415 1663 2445 unum
1694 2402 1934 2460 exemplum
1965 2403 2042 2446 illo
2073 2403 2166 2446 loco
2196 2409 2409 2447 servatum
2441 2405 2519 2455 sit,
2564 2404 2669 2460 quin

396 2474 535 2517 multa
563 2474 609 2516 in
638 2474 728 2530 ejus
756 2472 878 2516 libris
909 2472 1077 2515 tuerint.
1137 2471 1249 2528 quod
1279 2487 1375 2515 cum
1410 2473 1474 2515 ita
1503 2473 1582 2526 sit,
1622 2478 1783 2525 cetera,
1822 2474 1976 2531 quibus
2007 2489 2056 2517 eo
2098 2473 2312 2528 ducimur,
2357 2477 2391 2517 si
2423 2475 2667 2532 respexeris,

396 2544 753 2589 verisimillimum
782 2558 874 2587 esse
903 2542 1125 2596 concedes,
1170 2544 1300 2585 etiam
1331 2542 1763 2587 Lacedaemoniorum
1795 2545 1980 2602 quinque
2011 2547 2184 2589 nomina
2214 2560 2284 2599 eo,
2329 2546 2380 2589 de
2411 2560 2494 2603 quo
2524 2545 2665 2604 dispu-

395 2620 548 2669 tamus,
578 2616 670 2659 loco
701 2615 838 2658 allata
873 2614 927 2657 ab
958 2614 1177 2671 Hermippi
1209 2614 1391 2657 artificio
1421 2614 1604 2670 quodam
1634 2614 1805 2659 duxisse
1835 2616 2053 2674 originem.

514 2685 727 2736 Quoniam
748 2686 881 2743 igitur
902 2687 1008 2728 etin
1041 2686 1178 2742 prima
1208 2692 1251 2727 et
1282 2686 1327 2728 in
1358 2690 1683 2743 eittremaparte¹
1714 2701 1774 2737 ea,
1804 2685 1855 2729 de
1886 2701 1971 2743 qua
2000 2688 2179 2745 agimus,
2210 2689 2390 2745 vestigia
2409 2687 2666 2745 Hermippea

397 2758 617 2814 perspicua
646 2758 782 2800 inesse
812 2758 1061 2809 invenimus,
1090 2771 1185 2799 cum
1217 2762 1357 2799 cetera
1389 2758 1534 2799 omnia
1563 2771 1659 2800 cuni
1691 2758 1772 2809 eis,
1813 2771 1920 2814 quae
1951 2757 2162 2816 Diogenes
2194 2764 2358 2809 narrat,
2408 2764 2663 2816 congruant:

398 2842 483 2871 non
514 2833 667 2882 metuo,
696 2843 749 2871 ne
778 2833 934 2871 temere
959 2826 1148 2883 judicare
1179 2826 1342 2879 videar,
1388 2828 1553 2881 omnia,
1597 2842 1704 2884 quae
1734 2826 1786 2870 de
1815 2827 2082 2885 expeditione
2111 2828 2344 2872 Salaminia
2376 2843 2401 2870 a
2432 2828 2662 2873 Plutarcho

399 2897 559 2941 tradita
574 2898 672 2952 sint,
701 2899 756 2942 ab
777 2898 1006 2956 Hermippo
1037 2912 1126 2941 esse
1147 2898 1334 2955 profecta
1349 2897 1561 2954 profitens.
1603 2912 1709 2954 quae
1729 2913 1825 2941 cum
1842 2900 1905 2942 ita
1924 2900 2022 2953 sint,
2041 2901 2171 2942 etiam
2192 2899 2299 2942 duae
2314 2899 2364 2942 de
2385 2900 2478 2956 ipsa
2498 2900 2663 2944 insulae

400 2970 712 3026 expugnatione
741 2969 967 3012 relationes
998 2984 1050 3012 ex
1074 2968 1289 3026 Hermippi
1322 2968 1432 3011 libro
1468 2970 1671 3026 repetitae
1701 2973 1813 3012 sunt.
1863 2984 1998 3027 neque
2028 2969 2140 3027 quod
2170 2970 2221 3013 de
2252 2984 2352 3027 pace
2383 2984 2456 3027 per
2475 2970 2657 3014 arbitros

400 3040 512 3083 facta
530 3038 781 3083 Plutarchus
811 3040 946 3083 fusius
977 3040 1147 3083 rettulit
1178 3054 1302 3096 quain
1323 3038 1542 3096 Diogenes,
1572 3054 1668 3082 cum
1699 3039 1773 3083 ille
1803 3045 2004 3096 quattuor
2023 3040 2191 3084 Solonis
2221 3045 2470 3098 argumenta
2498 3039 2660 3095 afferat,

399 3111 468 3154 liic
498 3110 591 3162 duo,
622 3110 815 3154 Prinzius
844 3113 899 3167 (p.
931 3110 1014 3162 28.)
1043 3110 1099 3153 ad
1130 3110 1348 3166 Hermippi
1394 3111 1677 3154 narrationem
1718 3110 1995 3168 supplendam
2028 3111 2301 3155 Plutarchum
2335 3109 2509 3167 Didymi
2549 3111 2657 3155 libro

666 3206 820 3213 --——-—

496 3261 539 3300 ¹⁸)
564 3262 675 3298 Ernst
698 3261 888 3306 Ecbtein,
911 3262 1050 3300 leichte
1075 3274 1208 3299 waare.
1258 3261 1423 3309 Leipzig.
1459 3263 1556 3299 1874.
1584 3274 1620 3309 p.
1646 3263 1703 3300 86.
1733 3283 1773 3291 -
1802 3261 1847 3307 ³⁴)
1871 3262 1913 3300 Ο.
1940 3262 2090 3305 noller,
2119 3263 2205 3300 Dor.
2231 3262 2258 3299 1.
2285 3274 2322 3309 p.
2350 3263 2433 3299 187.

2318 3321 2377 3366 20
