2840 3698
1322 107 1614 152 ..23-

335 246 467 300 atque
492 240 774 287 Herodoto-m
804 244 850 284 et
877 252 972 284 eam
1002 238 1193 296 quidem,
1232 252 1361 296 quae,
1395 244 1447 283 ut
1474 238 1637 283 Primii
1680 238 1812 283 verba
1838 252 2022 291 mem,
2065 237 2327 283 Herodotum
2355 241 2601 295 respexerit,

335 310 870 371 incolloquioSoloniset
899 309 1044 355 Croesi
1073 312 1306 367 ceterisque
1334 310 1472 364 rebus,
1500 324 1610 367 quae
1639 309 1871 355 adambos
1897 311 2123 369 pertinent,
2152 310 2374 354 narrandis
2407 317 2601 355 secutum

335 381 718 428 *contendam
776 379 2335 439 sedhaecaliarelatioquaesitidpauloinstaquaerendumeiit.
2374 382 2597 426 hocenim

336 454 432 499 loco
458 452 736 497 Plutarchum
766 452 998 511 Hermippo
1030 468 1154 496 usum
1185 467 1276 496 esse
1303 453 1410 496 satis
1439 451 1574 496 habeo
1614 451 1784 496 dixisse

455 540 525 585 Ex
553 538 662 584 Asia
692 541 884 585 Athenas
914 556 1128 586 reversum
1158 539 1361 585 Solonem
1393 539 1505 598 quod
1534 541 1754 583 civitatem
1789 542 2051 598 tripartitam
2082 539 2239 585 vidisse
2268 540 2524 585 Plutarchus
2553 543 2600 585 in

334 612 479 669 'oepite
506 611 577 655 29.
607 611 736 666 dicit,
775 612 1052 671 Hermippum
1094 618 1311 657 auctorem
1354 612 1434 655 hoc
1472 610 1566 654 loco
1602 611 1760 668 aliquis
1790 611 1969 656 indicari
1999 627 2049 656 eo
2088 614 2182 670 ipso
2211 613 2448 671 putaverit,
2487 613 2601 671 quod

336 683 468 733 trium
498 685 685 740 partium
717 698 944 741 earumque
972 683 1129 727 ducum
1158 685 1332 727 nomina
1361 688 1560 726 accurate
1592 687 1636 726 et
1665 681 1835 739 quidem
1864 688 1977 727 recte
2005 683 2258 738 afferuntur,
2299 698 2397 728 cum
2441 684 2496 728 ad
2534 699 2603 729 res

255 742 289 751 L
338 752 510 797 Solonis
539 755 681 797 minus
709 756 951 811 pertineant
983 768 1058 798 nec
1089 754 1223 798 allata
1263 767 1355 798 esse
1393 753 1618 797 videantur
1662 753 1746 796 nisi
1791 752 1971 810 quodam
2014 757 2186 799 nomina
2214 754 2416 799 afferendi
2443 756 2599 801 studio.

340 826 414 868 cui
443 827 504 868 rei
534 840 586 868 ne
617 827 797 869 nimium
826 825 1076 878 tribuamus,
1105 824 1316 881 quomodo
1347 825 1458 867 inter
1497 826 1655 868 civium
1686 828 1827 881 partes
1857 839 1951 867 eum
1983 839 2028 868 se
2057 827 2236 883 gessisse
2265 826 2453 880 dicatur,
2503 828 2603 872 inde

340 897 526 953 profecto
557 896 782 953 Hermippi
810 896 1019 939 rationem
1051 895 1213 938 elucere
1243 910 1293 939 ac
1325 897 1519 953 cognosci
1559 895 1754 938 arbitror.
1813 909 1912 938 nam
1957 910 2052 939 cum
2092 897 2186 955 lege
2231 898 2310 942 illa
2347 913 2376 942 a
2414 898 2601 957 Didymo

342 967 572 1011 Plutarcho
600 966 782 1018 tradita,
825 979 952 1022 qnam
982 967 1071 1022 jam
1102 967 1449 1019 commemoravi,
1498 963 1650 1021 ἄτιμον
1679 961 1786 1010 εἶναι
1825 963 1899 1008 τὸν
1926 964 1975 1009 ἓν
2002 964 2148 1010 στάσει
2178 971 2406 1026 μηδετέρας
2432 972 2601 1027 μερίδος

342 1035 565 1093 γενόμενον
591 1039 684 1095 ipse
708 1036 894 1093 jusserit,
937 1036 1018 1078 hoc
1048 1035 1141 1079 loco
1169 1036 1332 1093 gloriae
1361 1038 1449 1092 ejus
1479 1036 1752 1080 celebrandae
1780 1051 1909 1080 causa
1937 1037 2121 1081 medium
2152 1039 2264 1082 inter
2282 1045 2425 1096 partes
2454 1040 2600 1085 eodem

341 1108 467 1154 modo
495 1111 594 1165 post
620 1107 737 1164 leges
765 1107 880 1150 latas
909 1111 1038 1162 atque
1069 1112 1196 1150 antea
1226 1121 1322 1149 eum
1343 1107 1473 1149 fuisse
1502 1112 1710 1150 narratur.
1768 1108 1940 1187 scripsit
1968 1110 2081 1152 enim
2112 1108 2386 1154 Plutarchus:
2416 1106 2502 1165 εἶχε
2530 1114 2602 1156 καὶ

251 1216 260 1222 .
320 1175 468 1237 ,σιμὴν
496 1175 615 1234 παρὰ
645 1179 781 1221 πᾶσιν
809 1182 853 1221 et
882 1174 1115 1231 ὲντνχάνων
1144 1175 1232 1235 ἰδίᾳ
1263 1182 1349 1226 τοῖς
1377 1179 1614 1231 προεστῶσι
1644 1179 1730 1221 τῶν
1750 1175 1940 1223 στάσεων
1958 1175 2161 1236 ἀνδράσιν
2189 1179 2389 1237 ἐπειρᾶτο
2417 1180 2605 1227 διαλύειν

341 1251 414 1293 καὶ
443 1246 676 1306 ἁρμόττειν.
753 1262 860 1305 quae
904 1262 1001 1292 cum
1043 1263 1095 1291 ex
1127 1248 1350 1304 Hermippi
1392 1247 1504 1290 libro
1532 1249 1722 1305 prosecta
1750 1263 1840 1293 esse
1865 1249 2067 1307 judicem,
2109 1251 2383 1296 consu-matur
2422 1269 2471 1298 eo
2511 1270 2607 1299 mea

343 1320 516 1377 quidem
546 1321 770 1372 sententia,
800 1318 911 1375 quod
942 1319 1156 1376 Diogenes
1186 1319 1242 1371 (1,
1268 1317 1354 1372 58.)
1384 1319 1528 1362 verbis
1557 1333 1660 1362 usus
1689 1325 1775 1363 est:
1805 1320 1878 1378 τῆς
1905 1318 2091 1371 στάσεως
2117 1327 2337 1381 γενομένης
2365 1322 2459 1369 οὔτε
2490 1323 2598 1380 μετὰ

344 1394 427 1436 τῶν
455 1390 502 1442 ἐξ
529 1388 701 1443 ἄστεος,
749 1387 843 1433 οὔτε
881 1386 990 1445 μετὰ
1020 1391 1103 1432 τῶν
1131 1390 1334 1441 πεδιέων,
1379 1385 1470 1432 ἀλλ’
1510 1387 1608 1433 οὐδὲ
1636 1387 1742 1444 μετὰ
1773 1392 1856 1434 τῶν
1883 1389 2088 1448 παράλιον
2126 1390 2299 1451 ἐτάχθη.
2360 1394 2471 1439 idem
2501 1411 2600 1441 vero

345 1464 556 1520 Diogenes
585 1462 773 1505 maxime
803 1462 850 1504 in
880 1462 962 1513 eis,
1002 1475 1111 1517 quae
1139 1464 1395 1517 sequuntur,
1444 1466 1494 1504 ut
1524 1461 1803 1518 Hermippum
1833 1467 2048 1507 auctorem
2088 1464 2263 1521 planius
2292 1480 2604 1523 cog-noscamus,

342 1549 421 1578 nos
449 1533 634 1590 adjuvat.
676 1534 859 1590 primum
899 1532 1012 1574 enim
1043 1531 1255 1588 Diogenes
1298 1535 1341 1574 et
1371 1530 1627 1575 Plutarchus
1664 1532 1716 1575 de
1759 1533 2116 1592 apophthegmate
2160 1550 2187 1578 a
2214 1534 2369 1579 Solone
2399 1537 2598 1595 Thespidi

342 1605 459 1650 dicto
486 1604 599 1648 idem
628 1605 830 1647 referunt.
846 1601 903 1656 ⁸⁸)
932 1607 1064 1659 atque
1093 1602 1305 1659 Diogenes
1336 1602 1543 1657 quomodo
1574 1617 1672 1646 cum
1701 1605 1774 1657 eis,
1820 1619 1928 1661 qnae
1957 1604 2156 1650 Solonem
2186 1606 2415 1651 Pisistrato
2444 1607 2603 1653 dixisse

341 1677 490 1721 statim
518 1678 565 1720 in
596 1676 730 1732 primo
765 1675 907 1731 capite
943 1674 1014 1717 30.
1046 1673 1304 1716 Plutarchus
1334 1678 1490 1727 narrat,
1519 1674 1628 1717 illud
1656 1679 1750 1718 arte
1769 1675 2002 1728 cohaereat,
2031 1680 2075 1719 et
2089 1691 2220 1733 quam
2249 1677 2304 1720 ob
2323 1692 2494 1721 causam
2523 1679 2603 1723 hoc

343 1750 437 1806 ipso
467 1748 560 1791 loco
595 1745 781 1790 medium
811 1736 926 1789 inter
968 1759 1035 1797 ea,
1084 1759 1192 1801 qnae
1231 1744 1286 1788 ad
1316 1744 1590 1788 Pisistratum
1622 1746 1858 1803 pertinent,
1916 1747 2213 1804 interpositum
2243 1748 2322 1802 sit,
2365 1749 2603 1795 luculenter

342 1834 421 1863 nos
449 1817 607 1863 edocet.
666 1831 848 1873 namque
877 1816 952 1859 ille
987 1829 1060 1869 ea,
1109 1830 1218 1873 quae
1247 1817 1294 1858 in
1324 1817 1462 1873 capite
1492 1815 1561 1860 30.
1592 1815 1848 1860 Plutarchus
1883 1816 1935 1861 de
1978 1818 2336 1877 apophthegmate
2375 1820 2603 1865 Pisistrato

343 1891 457 1935 dicto
488 1893 645 1942 narrat,
673 1889 859 1932 breviter
887 1887 1135 1944 complexus
1164 1886 1292 1930 dicit:
1342 1883 1400 1930 ὅτ’
1437 1881 1512 1930 οὖν
1542 1890 1842 1943 Πεισίστρατος
1881 1885 2033 1932 ἑαυτὸν
2070 1893 2341 1946 κατέτρωσεν,
2392 1889 2604 1935 ἐκεῖθεν

342 1959 798 2019 (οαέιετῆςθὲσπιδος
826 1959 1077 2016 τραγῳδίας)
1108 1956 1193 2015 ἔφη
1222 1959 1293 2011 (sc.
1323 1955 1521 2012 ὂΣόλονν)
1550 1960 1720 2003 ταῦτα
1751 1961 1930 2014 φῦναι.
1990 1964 2141 2003 contra
2169 1962 2215 2004 in
2246 1964 2487 2006 narratione
2504 1963 2604 2006 Plu-

342 2032 527 2085 tarchea,
554 2045 666 2088 qnae
697 2032 791 2088 ipsa
822 2044 993 2086 quoque
1025 2029 1178 2086 incipit
1206 2043 1233 2071 a
1263 2029 1419 2072 verbis:
1450 2026 1546 2072 ἐπεὶ
1571 2029 1619 2073 δὲ
1646 2026 1911 2085 mareoticas
1939 2026 2063 2080 αότὸς
2082 2028 2232 2075 ἑαυτὸν
2252 2030 2276 2074 ὅ
2293 2037 2601 2088 Πεισίστρατος,

341 2108 387 2148 et
419 2102 571 2147 deinde
600 2104 744 2159 ipsum
777 2100 885 2144 illud
914 2100 1232 2158 apophthegma
1263 2100 1447 2157 praebet,
1476 2101 1562 2144 nisi
1591 2100 1730 2144 verbis
1761 2097 1810 2144 οὗ
1839 2102 1998 2151 καλαῖς.
2031 2135 2042 2145 .
2075 2136 2085 2145 .
2116 2136 2127 2146 .
2160 2101 2377 2162 ὑποκρίνῃ,
2407 2119 2516 2161 quae
2546 2103 2600 2147 ad

340 2171 673 2230 ὕπωρινόμενον
691 2175 861 2216 Θέσπιν
880 2173 1108 2228 pertinent,
1138 2186 1223 2214 uon
1256 2170 1469 2214 indicatur
1484 2186 1619 2215 nexus
1649 2173 1969 2226 sententiarum,
1999 2187 2123 2230 quern
2153 2172 2329 2218 dubium
2359 2181 2424 2218 est
2453 2181 2597 2218 utrum

343 2245 600 2291 Plutarchus
619 2260 704 2287 non
737 2243 997 2287 intellexerit
1013 2258 1069 2286 an
1085 2241 1407 2285 transcribendo
1427 2242 1725 2286 obscuraverit-
1771 2244 1816 2286 in
1831 2245 1893 2287 eis
1913 2250 2071 2297 antem,
2100 2259 2209 2301 quae
2228 2252 2472 2302 sequnntur,
2500 2262 2597 2291 cum

341 2318 493 2361 ceteris
522 2316 822 2359 convenientes
853 2328 924 2356 eos
955 2328 1009 2356 ex
1051 2312 1195 2356 eodem
1241 2314 1356 2356 sonte
1385 2313 1577 2356 hausisse
1605 2327 1847 2367 sumamus,
1891 2313 2096 2372 Diogenis
2133 2316 2286 2359 iterum
2332 2317 2599 2374 neglegentia

343 2388 504 2432 factum
535 2401 626 2429 esse
644 2384 826 2437 videtur,
855 2389 905 2427 ut
925 2384 1163 2441 paullulum
1181 2376 1455 2427 a'Plutarcho
1475 2382 1740 2441 discreparet.
1770 2384 2023 2428 Plutarchus
2048 2387 2160 2428 enim
2181 2387 2371 2438 scripsit:
2402 2384 2599 2431 ἀντεῖπεν

345 2457 370 2502 ὃ
400 2455 544 2502 Σόλων
572 2453 756 2506 ἀναστὰς
795 2457 865 2499 καὶ
896 2451 1035 2498 πολλὰ
1068 2456 1288 2511 διεξῆλθεν
1326 2452 1453 2509 ὅμοια
1482 2451 1642 2503 τούτοις
1677 2449 1738 2503 οἷς
1778 2451 1847 2498 διὰ
1883 2455 1966 2497 τὸν
2000 2453 2248 2513 ποιημάτων
2287 2462 2501 2513 γέγραφεν
2542 2457 2602 2507 εἰς

343 2528 422 2585 γὰρ
450 2530 641 2583 γλῶσσαν
671 2525 797 2584 ὁρᾶτε
825 2526 975 2579 κτλ.“)
1024 2527 1233 2582 Diogenes
1262 2531 1407 2568 autem
1439 2523 1595 2568 eisdem
1615 2525 1805 2568 versibus
1834 2525 1980 2570 allatis
2010 2526 2134 2571 dicit:
2165 2525 2264 2571 τάδε
2295 2527 2461 2586 ἔγραψε
2491 2526 2597 2584 πρὸς

343 2596 439 2648 τοὺς
467 2596 716 2657 Ἀθηναίους.
783 2598 1060 2654 Hermippum
1102 2598 1235 2654 igitur
1274 2597 1435 2653 optimo
1477 2598 1569 2653 jure
1618 2596 1777 2639 similia
1821 2610 1871 2639 ac
1915 2612 2024 2654 quae
2067 2599 2326 2642 carminibus
2374 2600 2597 2643 Pisistrato

345 2674 528 2725 tyranno
557 2670 838 2727 exposuisset,
870 2671 913 2711 in
945 2668 1216 2710 concionibus
1237 2682 1402 2724 quoque
1434 2667 1510 2710 illo
1541 2673 1726 2723 tempore
1742 2667 1937 2711 Solonem
1968 2668 2126 2712 dixisse
2155 2669 2348 2713 videmus
2378 2672 2596 2725 cogitasse,

347 2738 461 2796 quod
491 2739 746 2783 Plutarchus
777 2745 887 2781 recte
920 2739 1038 2780 nobis
1070 2738 1256 2781 tradidit.
1318 2744 1464 2780 contra
1496 2738 1703 2794 Diogenes
1730 2738 1796 2781 vel
1828 2739 1885 2789 is,
1914 2754 1965 2781 ex
1998 2741 2116 2795 cujus
2147 2740 2254 2783 libro
2284 2755 2361 2783 sua
2392 2742 2599 2797 repetivit,

443 2974 489 3020 ⁸⁸)
515 2974 613 3011 Plut.
637 2987 669 3012 c.
694 2977 752 3011 29.
802 2975 911 3020 Diog.
943 2977 972 3016 1,
999 2977 1055 3011 59.

443 3032 489 3078 ⁶⁴)
515 3034 698 3078 Bergkius
723 3046 807 3071 cum
832 3035 879 3071 ad
906 3034 974 3070 lios
1000 3045 1139 3075 versus,
1164 3043 1320 3079 quorum
1347 3032 1514 3068 ordinem
1539 3032 1696 3069 invertit
1714 3031 1946 3074 Plutarchus.
1973 3033 2010 3069 id
2037 3035 2258 3074 ..momoriae
2293 3035 2436 3070 “mre“
2461 3035 2600 3072 astum

348 3104 431 3129 esse
457 3092 573 3128 videri
599 3092 837 3129 annotaverit
853 3121 862 3135 ,
904 3093 1037 3129 mirum
1073 3094 1254 3138 quantum
1295 3090 1473 3127 memoria
1499 3091 1742 3127 Plutarchum
1767 3092 1928 3128 valuisse
1968 3091 2124 3130 statuit.
2158 3092 2298 3138 quippe
2323 3092 2388 3137 qui
2412 3092 2596 3138 ejusmodi

349 3163 476 3187 versus
502 3164 567 3187 nc(-
594 3152 778 3188 communi
803 3152 964 3198 quadam
990 3150 1180 3186 sententia
1207 3151 1417 3197 praeclaros
1444 3162 1563 3196 nequo
1589 3162 1611 3186 a
1636 3154 1748 3196 poeta
1773 3150 1912 3187 celebri
1938 3154 2040 3187 ortos
2064 3150 2258 3187 tenuisset.
2306 3154 2499 3196 praeterea
2512 3151 2599 3189 Plu·

347 3211 498 3247 tarchus
524 3210 588 3245 hon
615 3223 740 3247 versun
764 3211 813 3246 ab
838 3212 912 3252 eis.
951 3211 1014 3256 qui
1041 3209 1078 3245 in
1104 3213 1269 3246 extremo
1296 3208 1420 3255 capite
1462 3210 1656 3255 leguntur.
1694 3220 1883 3255 separasse
1922 3209 2142 3246 monendum
2180 3216 2233 3245 eut
2255 3236 2264 3251 .
2303 3221 2387 3247 cum
2412 3210 2596 3257 Diogenes

348 3279 475 3306 omnes
501 3270 716 3317 conjunctos
742 3274 844 3307 recto
867 3269 998 3306 online
1024 3269 1216 3315 praebeat.
