2808 3692
180 209 190 244 j
207 159 416 243 fed,
442 193 520 249 Π.)
547 180 793 250 Mammam,
811 169 1000 243 heortol.
1027 201 1072 245 p.
1096 185 1196 231 fflO.
1226 188 1300 243 u.).
1343 192 1570 246 praeterea
1598 186 1709 231 iuter
1736 198 1811 229 eos
1838 197 1945 241 quos
1987 185 2077 228 dixi
2108 191 2318 240 auctores,
2361 187 2433 242 qui
2471 186 2655 244 plurim

159 244 257 299 ξι.
278 281 286 299 -.
304 266 351 316 .t,
377 260 575 312 Justiuus
600 261 647 304 et
669 254 940 310 Plutnmhus,
979 257 1029 297 ut
1054 267 1140 310 qno
1166 254 1275 298 duee
1317 268 1405 299 rem
1447 258 1612 310 gestam
1640 265 1736 296 esse
1765 252 1911 296 dicant
1938 264 2050 294 nuuc
2092 252 2261 306 quidem
2306 255 2653 309 praetermittam,

79 321 176 377 ‚fl-'-
191 310 195 314 ’
213 328 326 372 inter
349 340 397 372 se
424 311 685 387 dimpuit,
713 320 827 379 quod
844 322 916 364 hic
935 321 1216 364 Athenienses
1246 322 1419 365 consilii
1440 320 1607 365 fallacis
1636 325 1832 363 auctores
1851 318 1982 362 fnisse
2011 317 2128 373 dicit,
2160 333 2254 362 eum
2274 321 2357 375 ipsi
2377 320 2653 376 Megarenses

38 396 90 421 ³⁴
94 382 193 440 &effi
216 395 394 439 feminas
420 383 722 455 opponendus
749 387 970 443 transfuga
998 387 1128 430 misso
1157 387 1442 444 pellexissent,
1472 386 1546 430 ille
1575 386 1851 442 Megarenses
1878 386 1990 428 ultro
2022 383 2200 428 feminas
2217 386 2460 442 opprimere
2477 391 2654 430 conatos

33 459 78 504 »s
136 475 233 508 esse
257 464 432 518 πατεῖς
441 471 529 515 qua
563 454 619 501 de
659 467 708 499 re
753 455 960 498 certiores
1003 453 1106 498 facti
1133 453 1412 498 Athenienses
1456 467 1531 499 eos
1573 453 1902 496 antevenisseut.
1961 451 2074 509 apud
2102 452 2375 495 Plutarchum
2418 453 2549 508 igitur
2590 467 2654 507 ea,

94 542 259 590 quae
262 527 464 578 amanus
490 522 680 577 tradidit,
723 527 851 565 aucta
879 534 975 565 esse
1003 520 1195 565 videmus
1222 520 1367 563 addita
1398 534 1528 564 causa
1555 534 1641 576 qua
1667 520 1953 575 Megarenses
1989 525 2036 563 ut
2065 531 2152 562 rem
2180 524 2367 574 agerent,
2409 520 2556 563 nescio
2585 520 2656 563 eui

93 594 315 650 αξηοιοτί
333 591 532 638 commoti
561 602 658 633 esse
686 588 952 632 videbantur.
1023 593 1151 643 atque
1193 586 1230 629 is
1275 600 1444 631 causam
1487 586 1655 630 addidit
1695 600 1747 629 eo
1790 586 1984 629 nimirum
2029 585 2224 639 consilio,
2261 590 2309 628 ut
2337 586 2655 630 Atheniensium

0 627 101 708 ᾔ
134 654 508 735 eorumqueducis,
537 657 699 713 quippe
727 656 799 711 qui
815 669 903 699 rem
922 653 1154 711 prudenter
1176 660 1220 696 et
1247 654 1536 708 excogitasset
1559 659 1604 696 et
1630 652 1853 706 effecisset,
1883 652 2064 708 gloriam
2093 658 2280 707 augeret.
2325 652 2470 707 itaque
2499 654 2537 696 si
2565 654 2655 708 qui-

0 713 58 739 ξ
145 748 150 763 ·
174 760 181 775 ,
208 734 242 763 ‘f
242 724 450 779 omnibus
479 737 588 780 quos
617 722 739 766 attuli
768 722 878 765 locis
905 720 1080 765 eandem
1109 733 1198 763 rem
1227 721 1388 762 narrari
1419 725 1610 776 apparet,
1648 720 1760 762 iuter
1797 733 1849 762 ea
1890 732 1999 774 quae
2030 719 2200 763 diverse
2230 718 2421 763 feruntur
2458 720 2656 776 simplici-

72 783 83 787 *
106 787 130 821 '.
158 799 162 801 ’
215 799 246 801 ”
280 791 441 836 Justini
485 790 770 849 narrationem
814 788 995 846 pleniori
1026 786 1306 831 Plutarcheae
1344 787 1560 843 praeferre
1604 800 1687 829 uon
1716 785 2012 839 dubitabimus,
2050 787 2300 841 praesertim
2340 799 2435 830 cum
2465 799 2519 830 ea
2546 800 2657 843 quae

287 880 320 897 m
356 857 489 902 refert
522 871 576 902 ex
604 857 842 912 antiquiore
870 856 980 899 libro
1008 855 1192 911 repetita
1220 867 1326 906 esse,
1357 869 1481 910 quam
1511 868 1563 897 ea
1593 866 1701 908 quae
1731 852 1984 895 Plutarchus
2012 859 2188 896 auctore
2218 853 2453 910 Hermippo
2495 858 2654 907 narrat,

98 903 206 977 oh
217 910 344 971 uliam
373 938 542 980 quoque
571 937 743 967 causam
770 909 1000 966 verisimile
1027 922 1096 964 sit.
1155 935 1263 976 quae
1292 922 1484 964 Justinus
1514 921 1635 974 enim,
1679 932 1802 975 quem
1848 924 1979 961 totum
2022 920 2076 961 ad
2109 920 2243 975 Trogi
2282 919 2580 963 auctoritatem
2610 933 2659 964 se

70 939 366 1045 {sfeontulisse
396 995 576 1045 constat,
607 989 832 1034 memoriae
860 987 1061 1044 prodidit,
1098 1001 1150 1031 ea
1178 1001 1230 1030 ex
1259 987 1417 1043 Ephori
1448 989 1569 1030 libris
1602 987 1796 1030 derivata
1825 999 1920 1028 esse
1950 991 2151 1040 putantur
2191 987 2248 1041 (v.
2281 986 2574 1042 Wolffgarten,
2603 986 2658 1031 de

0 1073 83 1102 ν
132 1059 296 1118 Ephori
327 1063 372 1102 et
398 1057 579 1101 Dinonis
605 1056 797 1100 historiis
825 1055 1010 1110 aTrogo
1030 1055 1234 1111 Pompejo
1264 1055 1490 1109 expressis.
1550 1055 1734 1096 Bonuae.
1796 1051 1947 1107 1868.,)
1990 1054 2101 1109 quod
2127 1054 2295 1109 quidem
2333 1060 2434 1110 apte
2470 1067 2564 1097 cum
2593 1054 2657 1097 eis

102 1163 105 1164 .
133 1125 342 1182 congruit,
362 1137 472 1180 quae
490 1124 546 1167 de
564 1122 740 1176 ratione,
761 1135 871 1177 quae
889 1123 1000 1165 inter
1019 1121 1296 1177 Hermippum
1319 1126 1360 1162 et
1380 1120 1595 1176 Ephorum
1612 1119 1880 1163 intercedere
1908 1120 2113 1174 videatur,
2144 1122 2186 1163 in
2216 1126 2327 1177 part.
2344 1121 2377 1164 Ι.
2399 1135 2440 1177 p.
2469 1119 2540 1165 27.
2562 1135 2656 1178 sqq.

66 1187 82 1215 '⁴
133 1192 229 1251 ipse
255 1191 450 1235 disserui
507 1189 736 1246 Hermippi
767 1189 898 1243 igitur
940 1201 1070 1243 opera
1116 1186 1271 1230 factum
1301 1193 1376 1240 est,
1422 1195 1467 1229 ut
1510 1188 1796 1242 Megarenses,
1841 1187 1955 1242 quod
2000 1194 2126 1230 antea
2170 1202 2245 1230 sua
2275 1197 2426 1244 sponte
2471 1189 2659 1243 gessisse

131 1260 429 1311 narrabantur,
457 1255 512 1299 ad
541 1256 586 1298 id
615 1258 670 1298 ab
698 1255 1031 1298 Atheniensibus
1062 1259 1180 1298 certo
1211 1254 1390 1302 consilio
1420 1254 1584 1295 incitati
1614 1267 1708 1296 esse
1739 1254 1992 1297 dicerentur
2053 1254 2233 1310 denique
2263 1268 2377 1307 vero,
2409 1260 2455 1296 ut
2483 1255 2539 1297 ad
2569 1268 2659 1299 rem

131 1324 368 1386 inst-,im
393 1323 627 1377 redeamus,
673 1324 715 1366 iu
759 1323 838 1365 hac
868 1323 964 1378 ipsa
992 1322 1183 1378 pleniore
1213 1321 1435 1375 Hermippi
1481 1322 1721 1363 nalratione
1753 1321 1951 1364 Solonem
1995 1328 2038 1365 et
2066 1321 2334 1364 Pisistratum
2372 1335 2454 1364 una
2495 1328 2539 1365 et
2569 1322 2659 1365 doli

0 1372 331 1468 &suctores
359 1396 404 1434 et
430 1391 532 1434 belli
562 1391 693 1434 duces
723 1390 851 1432 fuisse
879 1388 1046 1441 dicitur,
1077 1403 1170 1432 eum
1200 1389 1243 1430 in
1272 1387 1531 1444 simpliciore
1562 1387 1634 1429 illa
1665 1393 1707 1430 et
1737 1388 1987 1444 antiquiore,
2017 1402 2126 1442 quae
2156 1389 2209 1430 ab
2231 1388 2402 1444 Ephoro
2422 1394 2517 1431 orta
2542 1390 2659 1445 apud

0 1501 3 1512 ,
129 1457 344 1503 :Iustinum
373 1463 523 1511 exstat,
567 1458 834 1500 Pisistratum
863 1456 999 1499 solum
1029 1463 1073 1498 et
1099 1456 1212 1498 bello
1243 1453 1478 1530 praefuisse
1510 1468 1584 1496 nee
1618 1454 1715 1496 dolo
1746 1469 1829 1497 non
1858 1468 1976 1498 usum
2006 1468 2101 1498 esse
2131 1460 2326 1498 narretur
2369 1455 2439 1509 (ac
2459 1457 2655 1512 protinus

78 1555 89 1578 ,·
133 1523 273 1574 018580
304 1525 479 1580 captiva
507 1524 761 1567 intermixtis
791 1523 1046 1573 mulieribus,
1075 1531 1120 1563 ut
1149 1521 1336 1576 speciem
1367 1527 1585 1576 captarum
1618 1528 1899 1564 matronalum
1927 1523 2192 1578 praeberent,
2222 1522 2397 1577 Megara
2424 1523 2657 1567 contendit.

0 1586 21 1593 ”’
50 1604 59 1609 ·
131 1591 244 1634 Just.
273 1591 312 1645 2,
341 1590 414 1644 8.)
471 1604 581 1647 quae
611 1604 704 1633 cum
734 1591 796 1632 ita
824 1590 918 1643 sint,
948 1588 1133 1631 dubitari
1164 1588 1319 1643 nequit,
1364 1588 1463 1643 quin
1495 1587 1751 1643 He1mippus
1795 1595 1868 1632 aut
1897 1602 1948 1632 ea
1977 1590 2154 1643 ratione,
2198 1602 2322 1644 quam
2365 1590 2582 1645 propriam
2617 1590 2659 1633 ei

136 1658 267 1703 tuisse
296 1658 340 1701 iu
370 1658 513 1714 priore
543 1657 777 1713 specimine
808 1657 945 1710 docui,
974 1656 1270 1708 narrationem,
1302 1669 1385 1710 qua
1415 1654 1529 1708 Solo,
1562 1669 1653 1696 cum
1684 1655 1831 1709 altera,
1863 1670 1948 1712 qua
1976 1656 2227 1699 Pisistratus
2265 1656 2348 1698 dux
2387 1657 2516 1699 fuisse
2546 1656 2657 1700 diee-

132 1725 271 1779 bamr,
298 1724 343 1767 in
372 1738 496 1766 uuum
527 1724 803 1780 conjunxerit,
833 1729 910 1765 aut
936 1722 1051 1764 nulla
1079 1735 1125 1765 re
1154 1722 1236 1763 nisi
1267 1721 1435 1764 Solonis
1466 1723 1630 1776 gloriae
1659 1723 1878 1778 augendae
1908 1723 2048 1766 studio
2078 1731 2310 1766 commotus
2338 1722 2452 1764 nullo
2482 1728 2656 1765 auctore

134 1791 176 1835 ei
202 1790 450 1844 narrationi,
495 1805 579 1846 qua
609 1791 859 1832 Pisistratus
889 1789 1196 1842 celebrabatur,
1225 1789 1338 1831 illius
1368 1802 1517 1832 nomen
1547 1790 1784 1832 inseruerit.
1832 1803 1917 1833 rem
1937 1790 2071 1845 igitur
2089 1790 2397 1843 Coliadensem,
2428 1790 2462 1831 si
2483 1790 2658 1844 antiqua

133 1857 360 1914 sequimur,
390 1871 526 1912 neque
552 1857 607 1899 ad
637 1857 837 1900 Solonem
866 1857 1079 1912 pertinere
1108 1856 1230 1898 nobis
1254 1855 1530 1910 judicandum
1550 1862 1615 1898 est
1643 1861 1686 1899 et
1718 1870 1743 1898 a
1773 1856 1998 1899 Pisistrato
2013 1862 2177 1912 gestam
2197 1870 2291 1900 esse
2320 1858 2375 1899 ab
2405 1858 2479 1912 eis,
2502 1858 2655 1912 quibus

134 1923 271 1980 major
299 1928 366 1966 est
394 1924 590 1966 habenda
607 1923 724 1978 fides,
755 1923 999 1966 auctoribus
1028 1922 1274 1965 affirmatur.
1324 1929 1510 1965 ceterum
1531 1935 1613 1977 quo
1634 1922 1851 1965 Plutarchi
1878 1925 2164 1966 narrationem
2184 1923 2484 1980 probabilitate
2508 1937 2658 1967 carere

135 2003 267 2047 snpra
295 1990 396 2044 dixi,
426 1989 471 2031 id
502 1990 639 2046 ipsum
669 1990 712 2031 in
738 1990 897 2034 Justini
927 1990 1037 2032 libro
1067 2003 1149 2031 non
1180 1989 1403 2031 invenitur.
1463 2002 1558 2031 uam
1601 1990 1639 2031 is
1668 1990 1937 2033 Pisistratum
1981 2004 2028 2034 re
2057 1990 2302 2034 Coliadensi
2348 1997 2470 2046 gesta
2515 1992 2656 2034 statim

134 2057 293 2110 urbem,
323 2057 414 2099 sive
443 2055 642 2099 Nisaeam
672 2057 779 2098 dicit
808 2058 899 2099 sive
929 2057 1115 2111 Megara,
1155 2069 1421 2111 expugnasse
1451 2069 1588 2110 eoque
1617 2056 1773 2099 bellum
1806 2056 2043 2100 confecisse
2073 2058 2227 2111 rerbiS,
2259 2071 2366 2111 quae
2407 2064 2503 2101 sunt
2537 2072 2659 2115 „pau-

134 2123 220 2168 lum
248 2137 276 2167 a
303 2122 514 2179 capienda
542 2123 646 2165 urbe
676 2123 819 2176 afuit“‚
850 2129 997 2178 aperte
1028 2128 1166 2178 negat.

1 2235 3 2239 ξ
265 2189 418 2232 Altera
434 2188 652 2231 Plutarchi
681 2191 868 2233 narratio
899 2191 1041 2233 verbis
1073 2189 1187 2231 ἄλλοι
1216 2189 1260 2230 δέ
1290 2204 1401 2244 φασιν
1433 2190 1575 2244 allata,
1607 2203 1690 2244 qua
1710 2189 1810 2232 Solo
1833 2190 2012 2231 insulam
2034 2189 2147 2231 solus
2168 2203 2434 2246 expugnasse
2465 2192 2658 2246 traditur,

36 2286 51 2294 ae
133 2255 249 2312 apud
278 2255 406 2298 alium
435 2269 574 2298 rerum
605 2257 859 2311 scriptorem
903 2271 986 2300 non
1017 2258 1238 2300 invenitur.
1298 2257 1451 2299 nullius
1480 2257 1612 2311 igitur
1640 2256 1905 2305 auctoritate,
1949 2261 1995 2298 ut
2040 2257 2162 2299 fidem
2192 2258 2255 2299 illi
2303 2259 2543 2312 habeamus
2589 2259 2660 2302 ad·

96 2347 98 2349 >
135 2321 327 2367 ducimur
356 2323 437 2364 nisi
468 2322 703 2379 Hermippi,
748 2324 821 2379 qui
852 2324 1021 2379 quidem
1062 2338 1152 2367 eam
1185 2323 1519 2366 verisimiliorem
1564 2323 1669 2364 dicit
1704 2324 1862 2379 eisque,
1909 2337 2017 2378 quae
2060 2323 2109 2364 τὰ
2154 2324 2334 2380 δρώμενα
2378 2325 2659 2380 appellantur,

135 2389 414 2446 comprobare
443 2389 619 2432 studuit.
677 2395 806 2446 atque
837 2391 872 2431 si
903 2391 1039 2446 ipsam
1069 2391 1371 2445 narrationem.
1398 2389 1524 2445 paulo
1569 2391 1812 2433 accuratius
1842 2391 2203 2447 perpenderimus,
2249 2392 2532 2447 suspicionem
2563 2406 2659 2448 gra·

138 2454 350 2499 vissimum
380 2461 530 2498 auctor
559 2455 626 2498 vel
657 2469 707 2498 eo
738 2457 859 2499 nobis
891 2463 1039 2508 movet,
1072 2457 1186 2513 quod
1217 2459 1270 2498 ab
1315 2457 1488 2500 oraculo
1515 2457 1724 2514 Delphico
1771 2459 1814 2500 in
1858 2472 1910 2500 ea
1938 2458 2236 2514 proficiscitur.
2297 2458 2394 2500 inde
2423 2460 2535 2502 enim
2565 2474 2661 2503 cum

139 2519 324 2564 fabulam
350 2523 405 2565 ab
434 2535 485 2564 eo
516 2523 713 2578 praeberi
750 2530 958 2579 appareat
986 2525 1040 2566 ad
1071 2525 1297 2580 sapientes,
1329 2525 1398 2578 qui
1430 2524 1602 2580 proprie
1631 2524 1839 2578 dicuntur,
1887 2525 2176 2581 pertinentem.
2206 2526 2288 2567 nisi
2319 2525 2567 2568 certissimis
2595 2539 2658 2568 ar-

137 2587 346 2644 gumentis
370 2590 551 2643 probata
579 2590 670 2643 erit,
702 2604 795 2633 eam
826 2605 968 2634 veram
1002 2591 1192 2646 judicare
1223 2605 1305 2633 non
1335 2591 1448 2634 licet.
1509 2605 1760 2646 quamquam
1797 2605 1879 2633 non
1910 2597 1986 2646 est,
2033 2605 2108 2633 cur
2144 2591 2190 2632 τὰ
2220 2593 2400 2647 δρώμενα
2430 2605 2530 2635 vera
2566 2605 2662 2636 esse

137 2667 352 2711 negemus.
410 2661 475 2697 est
503 2669 605 2699 sane
636 2657 842 2701 credibile
874 2665 918 2701 et
946 2672 1007 2707 ea,
1041 2673 1148 2713 quae
1178 2658 1430 2700 Plutarchus
1461 2663 1617 2710 narrat,
1647 2658 1931 2701 Athenienses
1962 2659 2214 2702 observasse
2246 2665 2287 2701 et
2308 2659 2518 2715 templum,
2548 2659 2661 2714 quod

137 2734 166 2765 a
193 2721 349 2766 Solone
380 2729 671 2766 consecratum
702 2738 796 2767 esse
827 2725 1060 2778 dicebatur,
1092 2727 1134 2767 in
1165 2726 1302 2767 insula
1331 2726 1560 2767 exstitisse.
1620 2725 1752 2766 nihilo
1785 2731 1923 2767 tamen
1953 2726 2095 2779 setius,
2126 2741 2220 2767 num
2252 2727 2303 2767 ad
2338 2726 2470 2781 ipsius
2491 2726 2660 2769 Solonis

140 2794 333 2844 tempora
381 2794 498 2831 reete
539 2789 787 2845 reserantur,
843 2806 934 2834 eum
982 2793 1106 2834 etiam
1150 2798 1288 2834 statua
1333 2793 1423 2846 ejus
1467 2800 1566 2846 post
1618 2806 1767 2833 annum
1823 2791 1918 2833 400.
1964 2806 2000 2835 a.
2046 2792 2092 2835 C.
2148 2808 2186 2835 n.
2247 2794 2285 2834 in
2341 2793 2476 2834 insula
2524 2793 2666 2848 posita

140 2856 235 2912 ipso
288 2855 387 2897 vivo
437 2854 647 2901 collocata
690 2871 784 2901 esse
834 2866 1052 2914 putaretur
1104 2859 1337 2913 (Demosth.
1391 2857 1452 2910 19,
1500 2857 1627 2912 251.)‚
1686 2858 1959 2901 dubitandum
2008 2866 2085 2903 est.
2176 2866 2301 2915 atque
2350 2860 2479 2902 multo
2528 2861 2662 2915 magis

141 2922 313 2965 dubium
361 2921 459 2964 mihi
504 2935 598 2966 esse
639 2925 807 2967 videtur
848 2925 904 2979 id,
949 2926 1060 2980 quod
1104 2926 1362 2982 Hermippus
1414 2926 1497 2968 illis
1547 2926 1671 2967 rebus
1709 2927 1987 2982 comprobare
2040 2927 2199 2969 studuit
2254 2926 2319 2968 vel
2371 2927 2515 2983 potius
2567 2941 2662 2970 con-

140 2989 299 3044 fingere
330 3002 382 3031 ex
413 2989 475 3030 eis
505 2999 681 3033 conatus
709 2997 787 3034 est.
847 3006 1023 3047 namque
1055 2999 1099 3035 ut
1128 3000 1220 3035 erat
1251 3007 1332 3036 non
1363 2998 1447 3034 tam
1480 2992 1602 3047 plane
1634 2993 1976 3035 conuninisccndi
2015 3008 2139 3049 quam
2183 2995 2339 3035 acriter
2375 2993 2659 3049 componendi

140 3056 487 3109 studiosissimus,
518 3057 599 3098 nisi
632 3057 694 3100 eis
722 3072 830 3113 quae
860 3060 946 3100 dixi
979 3059 1093 3101 nullo
1124 3067 1370 3114 argumento
1416 3073 1514 3102 usus
1558 3065 1625 3102 est
1665 3059 1736 3101 ille
1783 3060 1836 3102 ad
1868 3061 2106 3116 fingendam
2153 3075 2243 3104 eam
2289 3059 2661 3113 narratiunculam,

143 3134 227 3178 qua
254 3122 452 3166 Solonem
483 3129 527 3166 et
555 3137 747 3178 magnum
774 3127 817 3168 in
847 3127 1009 3169 artibus
1041 3127 1159 3183 pacis
1190 3141 1266 3169 nec
1297 3128 1498 3169 minorem
1536 3126 1690 3170 virtute
1724 3128 1877 3171 bellica
1918 3127 2046 3171 fuisse
2084 3128 2456 3170 demonstraretur.
2517 3127 2661 3182 itaque

145 3187 316 3232 Solonis
346 3204 494 3233 nomen
527 3191 567 3232 in
598 3191 676 3234 hac
707 3206 872 3249 quoque
903 3194 1143 3236 narratione
1187 3194 1486 3249 quaerentibus
1533 3193 1736 3237 historiae
1767 3196 1988 3238 veritatem
2033 3196 2152 3237 nobis
2198 3194 2503 3249 neglegendum
2534 3200 2662 3249 atque

144 3254 414 3300 omittendum
445 3263 520 3310 est,
551 3272 634 3312 quo
664 3258 831 3313 quidem
877 3261 989 3302 sacto
1019 3260 1193 3302 eandem
1222 3260 1314 3315 ipsa
1346 3261 1473 3302 habet
1503 3261 1598 3313 vim,
1643 3275 1766 3315 quam
1814 3276 1921 3317 quae
1966 3263 2084 3316 prior
2114 3277 2137 3303 a
2169 3261 2396 3303 Plutarcho
2440 3261 2662 3316 proposita

143 3326 220 3365 est.
278 3323 444 3379 utrique
473 3325 593 3377 enim,
625 3339 716 3367 cum
745 3339 827 3367 una
855 3327 976 3369 clade
1009 3327 1278 3382 Megarenses
1313 3326 1504 3368 devictos
1537 3342 1617 3370 non
1649 3336 1800 3383 putem,
1829 3330 2001 3371 subiisse
2033 3330 2221 3371 arbitror
2253 3327 2426 3383 aliquid,
2469 3328 2582 3383 quod
2617 3340 2661 3370 re

142 3392 243 3432 vera
271 3389 383 3433 bello
413 3391 524 3434 haud
555 3393 614 3435 ita
644 3392 761 3435 brevi
792 3392 958 3447 levique
989 3393 1206 3436 acciderit.
1267 3407 1369 3446 ergo
1402 3394 1441 3434 in
1473 3392 1606 3435 altera
1634 3403 1748 3437 recte
1771 3406 1975 3447 narratur,
2009 3397 2276 3437 Pisistratum
2300 3394 2528 3450 aliquando
2557 3394 2658 3436 belli

2395 3472 2447 3506 2*
