<?xml version="1.0" encoding="UTF-8"?>
<!DOCTYPE html PUBLIC "-//W3C//DTD XHTML 1.0 Transitional//EN"
    "http://www.w3.org/TR/xhtml1/DTD/xhtml1-transitional.dtd">
<html xmlns="http://www.w3.org/1999/xhtml" xml:lang="en" lang="en">
 <head>
  <title>
</title>
<meta http-equiv="Content-Type" content="text/html;charset=utf-8" />
  <meta name='ocr-system' content='tesseract 3.04.00' />
  <meta name='ocr-capabilities' content='ocr_page ocr_carea ocr_par ocr_line ocrx_word'/>
</head>
<body>
  <div class='ocr_page' id='page_1' title='image "./quaestionessolon00begeuoft_0029.png"; bbox 0 0 2840 3698; ppageno 0'>
   <div class='ocr_carea' id='block_1_1' title="bbox 1430 98 1723 141">
    <p class='ocr_par' dir='ltr' id='par_1_1' title="bbox 1430 98 1723 141">
     <span class='ocr_line' id='line_1_1' title="bbox 1430 98 1723 141; baseline -0.003 -11"><span class='ocrx_word' id='word_1_1' title='bbox 1430 98 1723 141; x_wconf 78' lang='lat'>-25-</span> 
     </span>
    </p>
   </div>
   <div class='ocr_carea' id='block_1_2' title="bbox 431 227 2704 286">
    <p class='ocr_par' dir='ltr' id='par_1_2' title="bbox 431 227 2704 286">
     <span class='ocr_line' id='line_1_2' title="bbox 431 227 2704 286; baseline -0.001 -9"><span class='ocrx_word' id='word_1_2' title='bbox 431 233 655 286; x_wconf 82' lang='lat' dir='ltr'>diceretur,</span> <span class='ocrx_word' id='word_1_3' title='bbox 682 230 727 276; x_wconf 81' lang='lat' dir='ltr'>id</span> <span class='ocrx_word' id='word_1_4' title='bbox 741 229 837 274; x_wconf 87' lang='lat' dir='ltr'>inde</span> <span class='ocrx_word' id='word_1_5' title='bbox 865 229 1026 273; x_wconf 72' lang='lat' dir='ltr'>factum</span> <span class='ocrx_word' id='word_1_6' title='bbox 1053 232 1129 282; x_wconf 87' lang='lat' dir='ltr'>est,</span> <span class='ocrx_word' id='word_1_7' title='bbox 1159 228 1270 285; x_wconf 86' lang='lat' dir='ltr'>quod</span> <span class='ocrx_word' id='word_1_8' title='bbox 1300 244 1347 272; x_wconf 85' lang='lat' dir='ltr'>ea</span> <span class='ocrx_word' id='word_1_9' title='bbox 1376 229 1469 272; x_wconf 83' lang='lat' dir='ltr'>sola</span> <span class='ocrx_word' id='word_1_10' title='bbox 1499 243 1598 272; x_wconf 85' lang='lat' dir='ltr'>cum</span> <span class='ocrx_word' id='word_1_11' title='bbox 1613 227 1806 286; x_wconf 84' lang='lat' dir='ltr'>epistolis</span> <span class='ocrx_word' id='word_1_12' title='bbox 1837 228 2122 282; x_wconf 70' lang='lat' dir='ltr'>wnmiebat,</span> <span class='ocrx_word' id='word_1_13' title='bbox 2150 243 2259 285; x_wconf 88' lang='lat' dir='ltr'>quas</span> <span class='ocrx_word' id='word_1_14' title='bbox 2273 243 2302 272; x_wconf 89' lang='lat' dir='ltr'>a</span> <span class='ocrx_word' id='word_1_15' title='bbox 2319 228 2475 273; x_wconf 88' lang='lat' dir='ltr'>Solone</span> <span class='ocrx_word' id='word_1_16' title='bbox 2505 235 2549 273; x_wconf 89' lang='lat' dir='ltr'>et</span> <span class='ocrx_word' id='word_1_17' title='bbox 2577 229 2704 274; x_wconf 76' lang='lat' dir='ltr'>datas</span> 
     </span>
    </p>
   </div>
   <div class='ocr_carea' id='block_1_3' title="bbox 433 298 2704 434">
    <p class='ocr_par' dir='ltr' id='par_1_3' title="bbox 433 298 2704 434">
     <span class='ocr_line' id='line_1_3' title="bbox 433 298 2704 360; baseline 0 -16"><span class='ocrx_word' id='word_1_18' title='bbox 433 308 479 349; x_wconf 74' lang='lat' dir='ltr'>ot</span> <span class='ocrx_word' id='word_1_19' title='bbox 506 305 705 360; x_wconf 71' lang='lat' dir='ltr'>acceptas</span> <span class='ocrx_word' id='word_1_20' title='bbox 740 300 814 344; x_wconf 82' lang='lat' dir='ltr'>ille</span> <span class='ocrx_word' id='word_1_21' title='bbox 853 303 1038 357; x_wconf 78' lang='lat' dir='ltr'>integras</span> <span class='ocrx_word' id='word_1_22' title='bbox 1078 298 1330 353; x_wconf 78' lang='lat' dir='ltr'>tradidit.⁶“)</span> <span class='ocrx_word' id='word_1_23' title='bbox 1391 304 1435 344; x_wconf 85' lang='lat' dir='ltr'>et</span> <span class='ocrx_word' id='word_1_24' title='bbox 1475 304 1564 358; x_wconf 79' lang='lat' dir='ltr'>ipse</span> <span class='ocrx_word' id='word_1_25' title='bbox 1599 314 1699 344; x_wconf 88' lang='lat' dir='ltr'>vero</span> <span class='ocrx_word' id='word_1_26' title='bbox 1739 305 1783 343; x_wconf 89' lang='lat' dir='ltr'>et</span> <span class='ocrx_word' id='word_1_27' title='bbox 1814 299 2068 344; x_wconf 68' lang='lat' dir='ltr'>Plutarchus</span> <span class='ocrx_word' id='word_1_28' title='bbox 2108 313 2211 342; x_wconf 89' lang='lat' dir='ltr'>num</span> <span class='ocrx_word' id='word_1_29' title='bbox 2251 304 2296 342; x_wconf 87' lang='lat' dir='ltr'>in</span> <span class='ocrx_word' id='word_1_30' title='bbox 2337 300 2454 343; x_wconf 78' lang='lat' dir='ltr'>fonte</span> <span class='ocrx_word' id='word_1_31' title='bbox 2495 302 2704 344; x_wconf 88' lang='lat' dir='ltr'>communi</span> 
     </span>
     <span class='ocr_line' id='line_1_4' title="bbox 435 369 2704 434; baseline -0.001 -17"><span class='ocrx_word' id='word_1_32' title='bbox 435 389 575 434; x_wconf 16' lang='lat' dir='ltr'>unam,</span> <span class='ocrx_word' id='word_1_33' title='bbox 610 375 781 417; x_wconf 70' lang='lat' dir='ltr'>tantum</span> <span class='ocrx_word' id='word_1_34' title='bbox 819 370 1068 414; x_wconf 72' lang='lat' dir='ltr'><strong>relationem</strong></span> <span class='ocrx_word' id='word_1_35' title='bbox 1125 372 1380 423; x_wconf 87' lang='lat' dir='ltr'>invenerint,</span> <span class='ocrx_word' id='word_1_36' title='bbox 1425 371 1605 414; x_wconf 78' lang='lat' dir='ltr'><strong>maxime</strong></span> <span class='ocrx_word' id='word_1_37' title='bbox 1644 369 1815 415; x_wconf 84' lang='lat' dir='ltr'>dubium</span> <span class='ocrx_word' id='word_1_38' title='bbox 1848 371 1946 414; x_wconf 86' lang='lat' dir='ltr'>mihi</span> <span class='ocrx_word' id='word_1_39' title='bbox 1997 385 2090 415; x_wconf 87' lang='lat' dir='ltr'>esse</span> <span class='ocrx_word' id='word_1_40' title='bbox 2133 369 2310 414; x_wconf 86' lang='lat' dir='ltr'>videtur.</span> <span class='ocrx_word' id='word_1_41' title='bbox 2385 385 2566 427; x_wconf 81' lang='lat' dir='ltr'>namque</span> <span class='ocrx_word' id='word_1_42' title='bbox 2602 386 2704 415; x_wconf 88' lang='lat' dir='ltr'>cum</span> 
     </span>
    </p>
   </div>
   <div class='ocr_carea' id='block_1_4' title="bbox 433 442 2705 715">
    <p class='ocr_par' dir='ltr' id='par_1_4' title="bbox 433 442 2705 715">
     <span class='ocr_line' id='line_1_5' title="bbox 435 442 2704 504; baseline 0 -17"><span class='ocrx_word' id='word_1_43' title='bbox 435 444 646 504; x_wconf 74' lang='lat' dir='ltr'>Diogenes</span> <span class='ocrx_word' id='word_1_44' title='bbox 674 442 844 486; x_wconf 87' lang='lat' dir='ltr'>omnino</span> <span class='ocrx_word' id='word_1_45' title='bbox 884 447 1081 498; x_wconf 84' lang='lat' dir='ltr'>excerpta</span> <span class='ocrx_word' id='word_1_46' title='bbox 1125 447 1290 486; x_wconf 85' lang='lat' dir='ltr'>tantum</span> <span class='ocrx_word' id='word_1_47' title='bbox 1321 442 1442 486; x_wconf 88' lang='lat' dir='ltr'>nobis</span> <span class='ocrx_word' id='word_1_48' title='bbox 1473 442 1669 494; x_wconf 83' lang='lat' dir='ltr'>praebeat</span> <span class='ocrx_word' id='word_1_49' title='bbox 1699 447 1743 486; x_wconf 89' lang='lat' dir='ltr'>et</span> <span class='ocrx_word' id='word_1_50' title='bbox 1773 442 2052 496; x_wconf 74' lang='lat' dir='ltr'><strong>Plutarchus,</strong></span> <span class='ocrx_word' id='word_1_51' title='bbox 2102 456 2211 500; x_wconf 89' lang='lat' dir='ltr'>quae</span> <span class='ocrx_word' id='word_1_52' title='bbox 2242 442 2424 500; x_wconf 76' lang='lat' dir='ltr'>legerat,</span> <span class='ocrx_word' id='word_1_53' title='bbox 2469 442 2583 486; x_wconf 84' lang='lat' dir='ltr'>haud</span> <span class='ocrx_word' id='word_1_54' title='bbox 2610 457 2704 487; x_wconf 83' lang='lat' dir='ltr'>raro</span> 
     </span>
     <span class='ocr_line' id='line_1_6' title="bbox 433 512 2704 572; baseline 0 -14"><span class='ocrx_word' id='word_1_55' title='bbox 433 514 558 561; x_wconf 79' lang='lat' dir='ltr'>valde</span> <span class='ocrx_word' id='word_1_56' title='bbox 586 513 796 565; x_wconf 87' lang='lat' dir='ltr'>minuerit,</span> <span class='ocrx_word' id='word_1_57' title='bbox 826 512 1115 570; x_wconf 71' lang='lat' dir='ltr'>Hermippum,</span> <span class='ocrx_word' id='word_1_58' title='bbox 1147 528 1261 566; x_wconf 89' lang='lat' dir='ltr'>quem</span> <span class='ocrx_word' id='word_1_59' title='bbox 1293 512 1597 570; x_wconf 77' lang='lat' dir='ltr'>sequebantur,</span> <span class='ocrx_word' id='word_1_60' title='bbox 1641 512 1693 556; x_wconf 87' lang='lat' dir='ltr'>de</span> <span class='ocrx_word' id='word_1_61' title='bbox 1723 513 1926 571; x_wconf 86' lang='lat' dir='ltr'>ejusmodi</span> <span class='ocrx_word' id='word_1_62' title='bbox 1956 513 2084 558; x_wconf 88' lang='lat' dir='ltr'>rebus</span> <span class='ocrx_word' id='word_1_63' title='bbox 2123 513 2308 567; x_wconf 86' lang='lat' dir='ltr'>diversa,</span> <span class='ocrx_word' id='word_1_64' title='bbox 2337 529 2446 572; x_wconf 86' lang='lat' dir='ltr'>quae</span> <span class='ocrx_word' id='word_1_65' title='bbox 2486 515 2704 562; x_wconf 80' lang='lat' dir='ltr'>ferrentur,</span> 
     </span>
     <span class='ocr_line' id='line_1_7' title="bbox 435 582 2703 644; baseline -0 -16"><span class='ocrx_word' id='word_1_66' title='bbox 435 590 571 644; x_wconf 81' lang='lat' dir='ltr'>ipsum</span> <span class='ocrx_word' id='word_1_67' title='bbox 602 583 801 641; x_wconf 82' lang='lat' dir='ltr'>colligere</span> <span class='ocrx_word' id='word_1_68' title='bbox 831 588 874 626; x_wconf 87' lang='lat' dir='ltr'>et</span> <span class='ocrx_word' id='word_1_69' title='bbox 905 582 1065 627; x_wconf 83' lang='lat' dir='ltr'>trudere</span> <span class='ocrx_word' id='word_1_70' title='bbox 1106 582 1320 627; x_wconf 58' lang='lat' dir='ltr'>studume</span> <span class='ocrx_word' id='word_1_71' title='bbox 1361 584 1643 642; x_wconf 83' lang='lat' dir='ltr'>cognovimus.</span> <span class='ocrx_word' id='word_1_72' title='bbox 1718 584 1862 641; x_wconf 89' lang='lat' dir='ltr'>itaque</span> <span class='ocrx_word' id='word_1_73' title='bbox 1901 584 1952 628; x_wconf 91' lang='lat' dir='ltr'>de</span> <span class='ocrx_word' id='word_1_74' title='bbox 1991 585 2072 629; x_wconf 87' lang='lat' dir='ltr'>hac</span> <span class='ocrx_word' id='word_1_75' title='bbox 2111 600 2279 642; x_wconf 86' lang='lat' dir='ltr'>quoque</span> <span class='ocrx_word' id='word_1_76' title='bbox 2317 599 2363 629; x_wconf 87' lang='lat' dir='ltr'>re</span> <span class='ocrx_word' id='word_1_77' title='bbox 2402 584 2572 629; x_wconf 88' lang='lat' dir='ltr'>diversa</span> <span class='ocrx_word' id='word_1_78' title='bbox 2607 599 2703 629; x_wconf 89' lang='lat' dir='ltr'>eum</span> 
     </span>
     <span class='ocr_line' id='line_1_8' title="bbox 433 653 2705 715; baseline -0.001 -14"><span class='ocrx_word' id='word_1_79' title='bbox 433 655 651 701; x_wconf 84' lang='lat' dir='ltr'>rettulisse</span> <span class='ocrx_word' id='word_1_80' title='bbox 667 659 715 699; x_wconf 90' lang='lat' dir='ltr'>ut</span> <span class='ocrx_word' id='word_1_81' title='bbox 746 669 818 712; x_wconf 86' lang='lat' dir='ltr'>per</span> <span class='ocrx_word' id='word_1_82' title='bbox 848 669 892 697; x_wconf 82' lang='lat' dir='ltr'>se</span> <span class='ocrx_word' id='word_1_83' title='bbox 923 655 1152 698; x_wconf 82' lang='lat' dir='ltr'>verisimile</span> <span class='ocrx_word' id='word_1_84' title='bbox 1182 659 1257 707; x_wconf 88' lang='lat' dir='ltr'>est,</span> <span class='ocrx_word' id='word_1_85' title='bbox 1278 655 1339 698; x_wconf 87' lang='lat' dir='ltr'>ita</span> <span class='ocrx_word' id='word_1_86' title='bbox 1368 655 1405 698; x_wconf 87' lang='lat' dir='ltr'>si</span> <span class='ocrx_word' id='word_1_87' title='bbox 1436 653 1559 698; x_wconf 87' lang='lat' dir='ltr'>modo</span> <span class='ocrx_word' id='word_1_88' title='bbox 1588 654 1759 712; x_wconf 77' lang='lat' dir='ltr'>singula</span> <span class='ocrx_word' id='word_1_89' title='bbox 1789 657 2021 713; x_wconf 76' lang='lat' dir='ltr'>respexeris</span> <span class='ocrx_word' id='word_1_90' title='bbox 2051 657 2324 701; x_wconf 81' lang='lat' dir='ltr'>manifestum</span> <span class='ocrx_word' id='word_1_91' title='bbox 2354 658 2446 701; x_wconf 84' lang='lat' dir='ltr'>erit.</span> <span class='ocrx_word' id='word_1_92' title='bbox 2492 671 2619 715; x_wconf 87' lang='lat' dir='ltr'>quam</span> <span class='ocrx_word' id='word_1_93' title='bbox 2650 657 2705 699; x_wconf 92' lang='lat' dir='ltr'>ob</span> 
     </span>
    </p>
   </div>
   <div class='ocr_carea' id='block_1_5' title="bbox 351 725 2706 790">
    <p class='ocr_par' dir='ltr' id='par_1_5' title="bbox 351 725 2706 790">
     <span class='ocr_line' id='line_1_9' title="bbox 351 725 2706 790; baseline -0 -19"><span class='ocrx_word' id='word_1_94' title='bbox 351 758 353 760; x_wconf 93' lang='lat'>-</span> <span class='ocrx_word' id='word_1_95' title='bbox 434 725 522 771; x_wconf 82' lang='lat' dir='ltr'>rem</span> <span class='ocrx_word' id='word_1_96' title='bbox 551 727 636 783; x_wconf 83' lang='lat' dir='ltr'>jam</span> <span class='ocrx_word' id='word_1_97' title='bbox 668 726 894 782; x_wconf 88' lang='lat' dir='ltr'>quaeritur,</span> <span class='ocrx_word' id='word_1_98' title='bbox 923 730 1066 769; x_wconf 89' lang='lat' dir='ltr'>utrum</span> <span class='ocrx_word' id='word_1_99' title='bbox 1098 740 1148 769; x_wconf 89' lang='lat' dir='ltr'>ea</span> <span class='ocrx_word' id='word_1_100' title='bbox 1178 731 1376 783; x_wconf 81' lang='lat' dir='ltr'>separata</span> <span class='ocrx_word' id='word_1_101' title='bbox 1389 730 1455 790; x_wconf 24' lang='lat' dir='ltr'>‘ut</span> <span class='ocrx_word' id='word_1_102' title='bbox 1484 725 1671 769; x_wconf 85' lang='lat' dir='ltr'>diversas</span> <span class='ocrx_word' id='word_1_103' title='bbox 1712 726 1940 769; x_wconf 76' lang='lat' dir='ltr'>relationes</span> <span class='ocrx_word' id='word_1_104' title='bbox 1979 727 2237 784; x_wconf 75' lang='lat' dir='ltr'>praebuerit,</span> <span class='ocrx_word' id='word_1_105' title='bbox 2265 742 2344 783; x_wconf 88' lang='lat' dir='ltr'>an,</span> <span class='ocrx_word' id='word_1_106' title='bbox 2387 727 2501 786; x_wconf 85' lang='lat' dir='ltr'>quod</span> <span class='ocrx_word' id='word_1_107' title='bbox 2537 728 2706 785; x_wconf 86' lang='lat' dir='ltr'>saepius</span> 
     </span>
    </p>
   </div>
   <div class='ocr_carea' id='block_1_6' title="bbox 0 821 184 989">
    <p class='ocr_par' dir='ltr' id='par_1_6' title="bbox 0 821 184 989">
     <span class='ocr_line' id='line_1_10' title="bbox 0 821 184 989; baseline 0 2709"><span class='ocrx_word' id='word_1_108' title='bbox 0 821 184 989; x_wconf 95' lang='lat' dir='ltr'> </span> 
     </span>
    </p>
   </div>
   <div class='ocr_carea' id='block_1_7' title="bbox 0 991 23 1002">
    <p class='ocr_par' dir='ltr' id='par_1_7' title="bbox 0 991 23 1002">
     <span class='ocr_line' id='line_1_11' title="bbox 0 991 23 1002; baseline 0 2696"><span class='ocrx_word' id='word_1_109' title='bbox 0 991 23 1002; x_wconf 95' lang='lat' dir='ltr'> </span> 
     </span>
    </p>
   </div>
   <div class='ocr_carea' id='block_1_8' title="bbox 0 1018 13 1030">
    <p class='ocr_par' dir='ltr' id='par_1_8' title="bbox 0 1018 13 1030">
     <span class='ocr_line' id='line_1_12' title="bbox 0 1018 13 1030; baseline 0 2668"><span class='ocrx_word' id='word_1_110' title='bbox 0 1018 13 1030; x_wconf 95' lang='lat' dir='ltr'> </span> 
     </span>
    </p>
   </div>
   <div class='ocr_carea' id='block_1_9' title="bbox 435 796 2713 3054">
    <p class='ocr_par' dir='ltr' id='par_1_9' title="bbox 435 796 2713 3054">
     <span class='ocr_line' id='line_1_13' title="bbox 435 796 2707 857; baseline 0 -15"><span class='ocrx_word' id='word_1_111' title='bbox 435 814 530 843; x_wconf 86' lang='lat' dir='ltr'>eum</span> <span class='ocrx_word' id='word_1_112' title='bbox 563 798 709 841; x_wconf 82' lang='lat' dir='ltr'>fecisse</span> <span class='ocrx_word' id='word_1_113' title='bbox 738 796 936 850; x_wconf 89' lang='lat' dir='ltr'>vidimus,</span> <span class='ocrx_word' id='word_1_114' title='bbox 965 796 1017 839; x_wconf 89' lang='lat' dir='ltr'>ad</span> <span class='ocrx_word' id='word_1_115' title='bbox 1047 797 1333 840; x_wconf 79' lang='lat' dir='ltr'>narrationem</span> <span class='ocrx_word' id='word_1_116' title='bbox 1365 796 1592 854; x_wconf 79' lang='lat' dir='ltr'>augendam</span> <span class='ocrx_word' id='word_1_117' title='bbox 1629 799 1674 840; x_wconf 90' lang='lat' dir='ltr'>in</span> <span class='ocrx_word' id='word_1_118' title='bbox 1706 811 1837 840; x_wconf 89' lang='lat' dir='ltr'>unum</span> <span class='ocrx_word' id='word_1_119' title='bbox 1868 796 2034 841; x_wconf 86' lang='lat' dir='ltr'>diversa</span> <span class='ocrx_word' id='word_1_120' title='bbox 2063 800 2351 856; x_wconf 86' lang='lat' dir='ltr'>conjunxerit,</span> <span class='ocrx_word' id='word_1_121' title='bbox 2394 804 2445 843; x_wconf 90' lang='lat' dir='ltr'>ut</span> <span class='ocrx_word' id='word_1_122' title='bbox 2473 797 2576 843; x_wconf 89' lang='lat' dir='ltr'>Solo</span> <span class='ocrx_word' id='word_1_123' title='bbox 2606 802 2707 857; x_wconf 85' lang='lat' dir='ltr'>post</span> 
     </span>
     <span class='ocr_line' id='line_1_14' title="bbox 435 866 2705 927; baseline 0 -14"><span class='ocrx_word' id='word_1_124' title='bbox 435 871 551 927; x_wconf 81' lang='lat' dir='ltr'>leges</span> <span class='ocrx_word' id='word_1_125' title='bbox 590 870 701 913; x_wconf 86' lang='lat' dir='ltr'>latas</span> <span class='ocrx_word' id='word_1_126' title='bbox 742 869 920 925; x_wconf 88' lang='lat' dir='ltr'>primum</span> <span class='ocrx_word' id='word_1_127' title='bbox 969 866 1152 910; x_wconf 82' lang='lat' dir='ltr'>Athenis</span> <span class='ocrx_word' id='word_1_128' title='bbox 1199 868 1411 924; x_wconf 54' lang='lat' dir='ltr'>profectus</span> <span class='ocrx_word' id='word_1_129' title='bbox 1457 867 1585 925; x_wconf 88' lang='lat' dir='ltr'>paulo</span> <span class='ocrx_word' id='word_1_130' title='bbox 1630 872 1731 912; x_wconf 91' lang='lat' dir='ltr'>ante</span> <span class='ocrx_word' id='word_1_131' title='bbox 1786 868 2026 912; x_wconf 88' lang='lat' dir='ltr'>libertatem</span> <span class='ocrx_word' id='word_1_132' title='bbox 2084 870 2343 927; x_wconf 88' lang='lat' dir='ltr'>reipublicae</span> <span class='ocrx_word' id='word_1_133' title='bbox 2393 885 2421 913; x_wconf 92' lang='lat' dir='ltr'>a</span> <span class='ocrx_word' id='word_1_134' title='bbox 2475 869 2705 914; x_wconf 74' lang='lat' dir='ltr'>Pisistrato</span> 
     </span>
     <span class='ocr_line' id='line_1_15' title="bbox 437 937 2705 1000; baseline 0 -16"><span class='ocrx_word' id='word_1_135' title='bbox 437 955 643 994; x_wconf 86' lang='lat' dir='ltr'>eversam,</span> <span class='ocrx_word' id='word_1_136' title='bbox 682 939 904 983; x_wconf 84' lang='lat' dir='ltr'>revertisse</span> <span class='ocrx_word' id='word_1_137' title='bbox 949 941 993 981; x_wconf 90' lang='lat' dir='ltr'>et</span> <span class='ocrx_word' id='word_1_138' title='bbox 1029 937 1258 981; x_wconf 84' lang='lat' dir='ltr'>Pisistrato</span> <span class='ocrx_word' id='word_1_139' title='bbox 1292 943 1475 995; x_wconf 84' lang='lat' dir='ltr'>tyranno</span> <span class='ocrx_word' id='word_1_140' title='bbox 1515 940 1627 983; x_wconf 81' lang='lat' dir='ltr'>facto</span> <span class='ocrx_word' id='word_1_141' title='bbox 1668 938 1823 983; x_wconf 88' lang='lat' dir='ltr'>iterum</span> <span class='ocrx_word' id='word_1_142' title='bbox 1870 939 2024 983; x_wconf 89' lang='lat' dir='ltr'>abiisse</span> <span class='ocrx_word' id='word_1_143' title='bbox 2064 946 2296 997; x_wconf 87' lang='lat' dir='ltr'>putaretur.</span> <span class='ocrx_word' id='word_1_144' title='bbox 2357 945 2487 998; x_wconf 82' lang='lat' dir='ltr'>atque</span> <span class='ocrx_word' id='word_1_145' title='bbox 2517 941 2705 1000; x_wconf 82' lang='lat' dir='ltr'>profecto</span> 
     </span>
     <span class='ocr_line' id='line_1_16' title="bbox 437 1006 2707 1069; baseline 0 -14"><span class='ocrx_word' id='word_1_146' title='bbox 437 1012 693 1068; x_wconf 85' lang='lat' dir='ltr'>Hermippus</span> <span class='ocrx_word' id='word_1_147' title='bbox 722 1023 817 1052; x_wconf 89' lang='lat' dir='ltr'>cum</span> <span class='ocrx_word' id='word_1_148' title='bbox 842 1006 1036 1051; x_wconf 91' lang='lat' dir='ltr'>Solonem</span> <span class='ocrx_word' id='word_1_149' title='bbox 1068 1022 1116 1051; x_wconf 89' lang='lat' dir='ltr'>eo</span> <span class='ocrx_word' id='word_1_150' title='bbox 1147 1012 1343 1065; x_wconf 86' lang='lat' dir='ltr'>tempore,</span> <span class='ocrx_word' id='word_1_151' title='bbox 1366 1024 1449 1065; x_wconf 91' lang='lat' dir='ltr'>quo</span> <span class='ocrx_word' id='word_1_152' title='bbox 1460 1010 1712 1054; x_wconf 75' lang='lat' dir='ltr'>Pisistratus</span> <span class='ocrx_word' id='word_1_153' title='bbox 1742 1024 1818 1067; x_wconf 88' lang='lat' dir='ltr'>pro</span> <span class='ocrx_word' id='word_1_154' title='bbox 1841 1016 2026 1067; x_wconf 75' lang='lat' dir='ltr'>tyranno</span> <span class='ocrx_word' id='word_1_155' title='bbox 2041 1025 2087 1054; x_wconf 88' lang='lat' dir='ltr'>se</span> <span class='ocrx_word' id='word_1_156' title='bbox 2101 1026 2244 1069; x_wconf 83' lang='lat' dir='ltr'>gerere</span> <span class='ocrx_word' id='word_1_157' title='bbox 2260 1012 2478 1069; x_wconf 88' lang='lat' dir='ltr'>coepisset,</span> <span class='ocrx_word' id='word_1_158' title='bbox 2513 1011 2707 1056; x_wconf 82' lang='lat' dir='ltr'>Athenas</span> 
     </span>
     <span class='ocr_line' id='line_1_17' title="bbox 440 1077 2708 1139; baseline 0 -13"><span class='ocrx_word' id='word_1_159' title='bbox 440 1085 661 1126; x_wconf 79' lang='lat' dir='ltr'>revertisse</span> <span class='ocrx_word' id='word_1_160' title='bbox 690 1079 866 1131; x_wconf 81' lang='lat' dir='ltr'>dixerit,</span> <span class='ocrx_word' id='word_1_161' title='bbox 912 1077 1048 1121; x_wconf 80' lang='lat' dir='ltr'>nihilo</span> <span class='ocrx_word' id='word_1_162' title='bbox 1079 1083 1219 1122; x_wconf 85' lang='lat' dir='ltr'>tamen</span> <span class='ocrx_word' id='word_1_163' title='bbox 1250 1080 1381 1122; x_wconf 86' lang='lat' dir='ltr'>setius</span> <span class='ocrx_word' id='word_1_164' title='bbox 1412 1081 1501 1137; x_wconf 86' lang='lat' dir='ltr'>ipse</span> <span class='ocrx_word' id='word_1_165' title='bbox 1532 1096 1703 1138; x_wconf 89' lang='lat' dir='ltr'>quoque</span> <span class='ocrx_word' id='word_1_166' title='bbox 1732 1096 1827 1125; x_wconf 81' lang='lat' dir='ltr'>euin</span> <span class='ocrx_word' id='word_1_167' title='bbox 1858 1081 2004 1139; x_wconf 86' lang='lat' dir='ltr'>procul</span> <span class='ocrx_word' id='word_1_168' title='bbox 2046 1082 2227 1125; x_wconf 85' lang='lat' dir='ltr'>Athenis</span> <span class='ocrx_word' id='word_1_169' title='bbox 2267 1082 2319 1126; x_wconf 91' lang='lat' dir='ltr'>de</span> <span class='ocrx_word' id='word_1_170' title='bbox 2358 1085 2451 1126; x_wconf 86' lang='lat' dir='ltr'>vita</span> <span class='ocrx_word' id='word_1_171' title='bbox 2481 1082 2708 1126; x_wconf 81' lang='lat' dir='ltr'>decessisse</span> 
     </span>
     <span class='ocr_line' id='line_1_18' title="bbox 435 1149 2707 1208; baseline 0 -12"><span class='ocrx_word' id='word_1_172' title='bbox 435 1164 629 1196; x_wconf 82' lang='lat' dir='ltr'>narrasse</span> <span class='ocrx_word' id='word_1_173' title='bbox 658 1149 837 1193; x_wconf 86' lang='lat' dir='ltr'>videtur.</span> <span class='ocrx_word' id='word_1_174' title='bbox 901 1164 1001 1191; x_wconf 90' lang='lat' dir='ltr'>nam</span> <span class='ocrx_word' id='word_1_175' title='bbox 1033 1163 1126 1192; x_wconf 92' lang='lat' dir='ltr'>cum</span> <span class='ocrx_word' id='word_1_176' title='bbox 1160 1155 1203 1192; x_wconf 88' lang='lat' dir='ltr'>et</span> <span class='ocrx_word' id='word_1_177' title='bbox 1234 1150 1445 1208; x_wconf 82' lang='lat' dir='ltr'>Diogenes</span> <span class='ocrx_word' id='word_1_178' title='bbox 1476 1151 1531 1204; x_wconf 90' lang='lat'>(1,</span> <span class='ocrx_word' id='word_1_179' title='bbox 1572 1151 1656 1206; x_wconf 80' lang='lat'>62.)</span> <span class='ocrx_word' id='word_1_180' title='bbox 1698 1155 1743 1195; x_wconf 89' lang='lat' dir='ltr'>et</span> <span class='ocrx_word' id='word_1_181' title='bbox 1782 1151 2038 1196; x_wconf 87' lang='lat' dir='ltr'>Plutarchus</span> <span class='ocrx_word' id='word_1_182' title='bbox 2078 1153 2128 1206; x_wconf 89' lang='lat' dir='ltr'>(c.</span> <span class='ocrx_word' id='word_1_183' title='bbox 2170 1153 2254 1207; x_wconf 80' lang='lat'>32.)</span> <span class='ocrx_word' id='word_1_184' title='bbox 2295 1153 2508 1197; x_wconf 82' lang='lat' dir='ltr'>combusti</span> <span class='ocrx_word' id='word_1_185' title='bbox 2539 1151 2707 1197; x_wconf 86' lang='lat' dir='ltr'>Solonis</span> 
     </span>
     <span class='ocr_line' id='line_1_19' title="bbox 437 1219 2706 1281; baseline 0.001 -15"><span class='ocrx_word' id='word_1_186' title='bbox 437 1223 619 1266; x_wconf 88' lang='lat' dir='ltr'>cinerem</span> <span class='ocrx_word' id='word_1_187' title='bbox 658 1221 769 1263; x_wconf 90' lang='lat' dir='ltr'>circa</span> <span class='ocrx_word' id='word_1_188' title='bbox 799 1220 983 1262; x_wconf 87' lang='lat' dir='ltr'>insulam</span> <span class='ocrx_word' id='word_1_189' title='bbox 1015 1220 1275 1263; x_wconf 85' lang='lat' dir='ltr'>Salaminem</span> <span class='ocrx_word' id='word_1_190' title='bbox 1307 1219 1545 1278; x_wconf 87' lang='lat' dir='ltr'>dispersum</span> <span class='ocrx_word' id='word_1_191' title='bbox 1578 1236 1668 1265; x_wconf 90' lang='lat' dir='ltr'>esse</span> <span class='ocrx_word' id='word_1_192' title='bbox 1698 1222 1892 1276; x_wconf 87' lang='lat' dir='ltr'>tradant,</span> <span class='ocrx_word' id='word_1_193' title='bbox 1921 1228 2116 1281; x_wconf 87' lang='lat' dir='ltr'>quoniam</span> <span class='ocrx_word' id='word_1_194' title='bbox 2148 1226 2269 1281; x_wconf 90' lang='lat' dir='ltr'>sequi</span> <span class='ocrx_word' id='word_1_195' title='bbox 2302 1224 2483 1277; x_wconf 88' lang='lat' dir='ltr'>videtur,</span> <span class='ocrx_word' id='word_1_196' title='bbox 2512 1229 2565 1267; x_wconf 85' lang='lat' dir='ltr'>nt</span> <span class='ocrx_word' id='word_1_197' title='bbox 2594 1223 2706 1268; x_wconf 85' lang='lat' dir='ltr'>idem</span> 
     </span>
     <span class='ocr_line' id='line_1_20' title="bbox 437 1291 2709 1354; baseline 0.001 -18"><span class='ocrx_word' id='word_1_198' title='bbox 437 1293 493 1336; x_wconf 89' lang='lat' dir='ltr'>ab</span> <span class='ocrx_word' id='word_1_199' title='bbox 523 1292 753 1348; x_wconf 85' lang='lat' dir='ltr'>Hermippo</span> <span class='ocrx_word' id='word_1_200' title='bbox 784 1296 1010 1334; x_wconf 88' lang='lat' dir='ltr'>narratum</span> <span class='ocrx_word' id='word_1_201' title='bbox 1043 1291 1173 1334; x_wconf 87' lang='lat' dir='ltr'>fuisse</span> <span class='ocrx_word' id='word_1_202' title='bbox 1200 1293 1293 1348; x_wconf 88' lang='lat' dir='ltr'>jure</span> <span class='ocrx_word' id='word_1_203' title='bbox 1324 1306 1558 1335; x_wconf 85' lang='lat' dir='ltr'>sumamus:</span> <span class='ocrx_word' id='word_1_204' title='bbox 1604 1293 1753 1337; x_wconf 90' lang='lat' dir='ltr'>hocine</span> <span class='ocrx_word' id='word_1_205' title='bbox 1783 1308 1859 1337; x_wconf 90' lang='lat' dir='ltr'>cur</span> <span class='ocrx_word' id='word_1_206' title='bbox 1887 1294 2049 1338; x_wconf 85' lang='lat' dir='ltr'>factum</span> <span class='ocrx_word' id='word_1_207' title='bbox 2085 1297 2155 1348; x_wconf 91' lang='lat' dir='ltr'>sit,</span> <span class='ocrx_word' id='word_1_208' title='bbox 2187 1296 2408 1354; x_wconf 81' lang='lat' dir='ltr'>intellegis,</span> <span class='ocrx_word' id='word_1_209' title='bbox 2451 1296 2490 1338; x_wconf 89' lang='lat' dir='ltr'>si</span> <span class='ocrx_word' id='word_1_210' title='bbox 2520 1300 2709 1339; x_wconf 83' lang='lat' dir='ltr'>extrema</span> 
     </span>
     <span class='ocr_line' id='line_1_21' title="bbox 439 1361 2709 1425; baseline 0.001 -18"><span class='ocrx_word' id='word_1_211' title='bbox 439 1366 529 1407; x_wconf 85' lang='lat' dir='ltr'>vita</span> <span class='ocrx_word' id='word_1_212' title='bbox 560 1361 797 1419; x_wconf 85' lang='lat' dir='ltr'>tranquilla</span> <span class='ocrx_word' id='word_1_213' title='bbox 819 1366 862 1405; x_wconf 90' lang='lat' dir='ltr'>et</span> <span class='ocrx_word' id='word_1_214' title='bbox 884 1363 1032 1419; x_wconf 88' lang='lat' dir='ltr'>quieta</span> <span class='ocrx_word' id='word_1_215' title='bbox 1059 1377 1180 1405; x_wconf 90' lang='lat' dir='ltr'>usum</span> <span class='ocrx_word' id='word_1_216' title='bbox 1200 1361 1398 1405; x_wconf 89' lang='lat' dir='ltr'>Solonem</span> <span class='ocrx_word' id='word_1_217' title='bbox 1431 1363 1614 1406; x_wconf 85' lang='lat' dir='ltr'>Athenis</span> <span class='ocrx_word' id='word_1_218' title='bbox 1646 1369 1866 1408; x_wconf 70' lang='lat' dir='ltr'>mortuum</span> <span class='ocrx_word' id='word_1_219' title='bbox 1898 1379 1987 1409; x_wconf 86' lang='lat' dir='ltr'>esse</span> <span class='ocrx_word' id='word_1_220' title='bbox 2017 1365 2181 1409; x_wconf 87' lang='lat' dir='ltr'>dictum</span> <span class='ocrx_word' id='word_1_221' title='bbox 2212 1366 2303 1409; x_wconf 83' lang='lat' dir='ltr'>sit?</span> <span class='ocrx_word' id='word_1_222' title='bbox 2363 1367 2493 1409; x_wconf 90' lang='lat' dir='ltr'>immo</span> <span class='ocrx_word' id='word_1_223' title='bbox 2523 1365 2709 1425; x_wconf 67' lang='lat' dir='ltr'>dispeigi</span> 
     </span>
     <span class='ocr_line' id='line_1_22' title="bbox 437 1432 2710 1494; baseline 0.001 -15"><span class='ocrx_word' id='word_1_224' title='bbox 437 1437 620 1479; x_wconf 88' lang='lat' dir='ltr'>cinerem</span> <span class='ocrx_word' id='word_1_225' title='bbox 662 1448 788 1476; x_wconf 88' lang='lat' dir='ltr'>suum</span> <span class='ocrx_word' id='word_1_226' title='bbox 818 1432 1018 1476; x_wconf 89' lang='lat' dir='ltr'>Solonem</span> <span class='ocrx_word' id='word_1_227' title='bbox 1063 1434 1248 1477; x_wconf 86' lang='lat' dir='ltr'>voluisse</span> <span class='ocrx_word' id='word_1_228' title='bbox 1280 1439 1323 1477; x_wconf 89' lang='lat' dir='ltr'>et</span> <span class='ocrx_word' id='word_1_229' title='bbox 1351 1435 1517 1491; x_wconf 87' lang='lat' dir='ltr'>primus</span> <span class='ocrx_word' id='word_1_230' title='bbox 1548 1439 1705 1478; x_wconf 87' lang='lat' dir='ltr'>auctor</span> <span class='ocrx_word' id='word_1_231' title='bbox 1735 1435 2004 1492; x_wconf 84' lang='lat' dir='ltr'>(Cratinus?)</span> <span class='ocrx_word' id='word_1_232' title='bbox 2034 1442 2078 1481; x_wconf 88' lang='lat' dir='ltr'>et</span> <span class='ocrx_word' id='word_1_233' title='bbox 2107 1439 2238 1481; x_wconf 91' lang='lat' dir='ltr'>ceteri</span> <span class='ocrx_word' id='word_1_234' title='bbox 2283 1442 2459 1494; x_wconf 87' lang='lat' dir='ltr'>putasse</span> <span class='ocrx_word' id='word_1_235' title='bbox 2500 1443 2544 1480; x_wconf 90' lang='lat' dir='ltr'>et</span> <span class='ocrx_word' id='word_1_236' title='bbox 2582 1436 2710 1481; x_wconf 78' lang='lat' dir='ltr'>tradi·</span> 
     </span>
     <span class='ocr_line' id='line_1_23' title="bbox 439 1504 2707 1565; baseline 0.002 -16"><span class='ocrx_word' id='word_1_237' title='bbox 439 1506 552 1550; x_wconf 89' lang='lat' dir='ltr'>disse</span> <span class='ocrx_word' id='word_1_238' title='bbox 592 1504 789 1549; x_wconf 87' lang='lat' dir='ltr'>videntur</span> <span class='ocrx_word' id='word_1_239' title='bbox 810 1519 859 1548; x_wconf 90' lang='lat' dir='ltr'>eo</span> <span class='ocrx_word' id='word_1_240' title='bbox 880 1504 1073 1558; x_wconf 89' lang='lat' dir='ltr'>consilio,</span> <span class='ocrx_word' id='word_1_241' title='bbox 1104 1520 1185 1561; x_wconf 88' lang='lat' dir='ltr'>qno</span> <span class='ocrx_word' id='word_1_242' title='bbox 1213 1505 1438 1562; x_wconf 86' lang='lat' dir='ltr'>Lycurgus</span> <span class='ocrx_word' id='word_1_243' title='bbox 1469 1505 1576 1548; x_wconf 88' lang='lat' dir='ltr'>idem</span> <span class='ocrx_word' id='word_1_244' title='bbox 1609 1506 1756 1549; x_wconf 87' lang='lat' dir='ltr'>fecisse</span> <span class='ocrx_word' id='word_1_245' title='bbox 1787 1508 1938 1549; x_wconf 79' lang='lat' dir='ltr'>fertur:</span> <span class='ocrx_word' id='word_1_246' title='bbox 1983 1522 2036 1551; x_wconf 89' lang='lat' dir='ltr'>ne</span> <span class='ocrx_word' id='word_1_247' title='bbox 2066 1509 2223 1552; x_wconf 88' lang='lat' dir='ltr'>mortui</span> <span class='ocrx_word' id='word_1_248' title='bbox 2263 1523 2414 1565; x_wconf 88' lang='lat' dir='ltr'>corpus</span> <span class='ocrx_word' id='word_1_249' title='bbox 2455 1509 2498 1551; x_wconf 89' lang='lat' dir='ltr'>in</span> <span class='ocrx_word' id='word_1_250' title='bbox 2530 1509 2707 1565; x_wconf 85' lang='lat' dir='ltr'>patriam</span> 
     </span>
     <span class='ocr_line' id='line_1_24' title="bbox 445 1576 2709 1636; baseline 0 -15"><span class='ocrx_word' id='word_1_251' title='bbox 445 1592 632 1634; x_wconf 89' lang='lat' dir='ltr'>unquam</span> <span class='ocrx_word' id='word_1_252' title='bbox 674 1576 959 1619; x_wconf 85' lang='lat' dir='ltr'>reveheretur.</span> <span class='ocrx_word' id='word_1_253' title='bbox 1030 1591 1128 1634; x_wconf 85' lang='lat' dir='ltr'>ergo</span> <span class='ocrx_word' id='word_1_254' title='bbox 1160 1576 1450 1633; x_wconf 88' lang='lat' dir='ltr'>Hermippum,</span> <span class='ocrx_word' id='word_1_255' title='bbox 1481 1578 1635 1634; x_wconf 90' lang='lat' dir='ltr'>quippe</span> <span class='ocrx_word' id='word_1_256' title='bbox 1666 1579 1738 1634; x_wconf 87' lang='lat' dir='ltr'>qni</span> <span class='ocrx_word' id='word_1_257' title='bbox 1770 1576 1939 1621; x_wconf 89' lang='lat' dir='ltr'>Solonis</span> <span class='ocrx_word' id='word_1_258' title='bbox 1970 1579 2153 1622; x_wconf 90' lang='lat' dir='ltr'>cinerem</span> <span class='ocrx_word' id='word_1_259' title='bbox 2183 1578 2418 1636; x_wconf 88' lang='lat' dir='ltr'>dispersum</span> <span class='ocrx_word' id='word_1_260' title='bbox 2450 1594 2539 1622; x_wconf 80' lang='lat' dir='ltr'>esse</span> <span class='ocrx_word' id='word_1_261' title='bbox 2569 1594 2709 1622; x_wconf 82' lang='lat' dir='ltr'>narra-</span> 
     </span>
     <span class='ocr_line' id='line_1_25' title="bbox 440 1647 2710 1707; baseline 0 -14"><span class='ocrx_word' id='word_1_262' title='bbox 440 1650 562 1701; x_wconf 86' lang='lat' dir='ltr'>verit,</span> <span class='ocrx_word' id='word_1_263' title='bbox 594 1651 724 1691; x_wconf 84' lang='lat' dir='ltr'>morte</span> <span class='ocrx_word' id='word_1_264' title='bbox 755 1649 978 1705; x_wconf 89' lang='lat' dir='ltr'>peregrina</span> <span class='ocrx_word' id='word_1_265' title='bbox 1013 1647 1290 1704; x_wconf 88' lang='lat' dir='ltr'>absumptum</span> <span class='ocrx_word' id='word_1_266' title='bbox 1323 1662 1420 1689; x_wconf 90' lang='lat' dir='ltr'>eum</span> <span class='ocrx_word' id='word_1_267' title='bbox 1452 1662 1542 1690; x_wconf 87' lang='lat' dir='ltr'>esse</span> <span class='ocrx_word' id='word_1_268' title='bbox 1573 1647 1729 1691; x_wconf 83' lang='lat' dir='ltr'>dixisse</span> <span class='ocrx_word' id='word_1_269' title='bbox 1760 1648 2014 1692; x_wconf 87' lang='lat' dir='ltr'>sumendum</span> <span class='ocrx_word' id='word_1_270' title='bbox 2045 1654 2120 1693; x_wconf 83' lang='lat' dir='ltr'>est.</span> <span class='ocrx_word' id='word_1_271' title='bbox 2196 1650 2306 1707; x_wconf 90' lang='lat' dir='ltr'>quod</span> <span class='ocrx_word' id='word_1_272' title='bbox 2339 1651 2477 1707; x_wconf 90' lang='lat' dir='ltr'>ipsum</span> <span class='ocrx_word' id='word_1_273' title='bbox 2508 1650 2576 1693; x_wconf 89' lang='lat' dir='ltr'>vel</span> <span class='ocrx_word' id='word_1_274' title='bbox 2607 1649 2710 1693; x_wconf 89' lang='lat' dir='ltr'>inde</span> 
     </span>
     <span class='ocr_line' id='line_1_26' title="bbox 441 1716 2711 1779; baseline 0 -16"><span class='ocrx_word' id='word_1_275' title='bbox 441 1718 726 1772; x_wconf 84' lang='lat' dir='ltr'>confirmatur,</span> <span class='ocrx_word' id='word_1_276' title='bbox 756 1716 867 1775; x_wconf 90' lang='lat' dir='ltr'>quod</span> <span class='ocrx_word' id='word_1_277' title='bbox 896 1717 1108 1774; x_wconf 88' lang='lat' dir='ltr'>quomodo</span> <span class='ocrx_word' id='word_1_278' title='bbox 1138 1722 1182 1761; x_wconf 90' lang='lat' dir='ltr'>et</span> <span class='ocrx_word' id='word_1_279' title='bbox 1212 1732 1295 1774; x_wconf 89' lang='lat' dir='ltr'>quo</span> <span class='ocrx_word' id='word_1_280' title='bbox 1325 1718 1418 1762; x_wconf 91' lang='lat' dir='ltr'>loco</span> <span class='ocrx_word' id='word_1_281' title='bbox 1450 1723 1545 1774; x_wconf 85' lang='lat' dir='ltr'>quis</span> <span class='ocrx_word' id='word_1_282' title='bbox 1575 1721 1770 1762; x_wconf 89' lang='lat' dir='ltr'>mortuus</span> <span class='ocrx_word' id='word_1_283' title='bbox 1801 1724 1867 1771; x_wconf 89' lang='lat' dir='ltr'>sit,</span> <span class='ocrx_word' id='word_1_284' title='bbox 1898 1720 1971 1763; x_wconf 92' lang='lat' dir='ltr'>ubi</span> <span class='ocrx_word' id='word_1_285' title='bbox 2003 1719 2215 1779; x_wconf 82' lang='lat' dir='ltr'>Diogenes</span> <span class='ocrx_word' id='word_1_286' title='bbox 2245 1726 2396 1774; x_wconf 88' lang='lat' dir='ltr'>narret,</span> <span class='ocrx_word' id='word_1_287' title='bbox 2428 1722 2489 1765; x_wconf 91' lang='lat' dir='ltr'>ibi</span> <span class='ocrx_word' id='word_1_288' title='bbox 2521 1733 2573 1764; x_wconf 87' lang='lat' dir='ltr'>ex</span> <span class='ocrx_word' id='word_1_289' title='bbox 2606 1721 2711 1764; x_wconf 89' lang='lat' dir='ltr'>Her·</span> 
     </span>
     <span class='ocr_line' id='line_1_27' title="bbox 442 1788 2708 1849; baseline 0.001 -16"><span class='ocrx_word' id='word_1_290' title='bbox 442 1792 575 1847; x_wconf 88' lang='lat' dir='ltr'>mippi</span> <span class='ocrx_word' id='word_1_291' title='bbox 606 1789 706 1832; x_wconf 89' lang='lat' dir='ltr'>libri</span> <span class='ocrx_word' id='word_1_292' title='bbox 737 1803 834 1832; x_wconf 91' lang='lat' dir='ltr'>eum</span> <span class='ocrx_word' id='word_1_293' title='bbox 855 1788 1051 1833; x_wconf 86' lang='lat' dir='ltr'>hausisse</span> <span class='ocrx_word' id='word_1_294' title='bbox 1066 1789 1304 1832; x_wconf 76' lang='lat' dir='ltr'>Nietzschio</span> <span class='ocrx_word' id='word_1_295' title='bbox 1328 1793 1501 1832; x_wconf 90' lang='lat' dir='ltr'>auctore</span> <span class='ocrx_word' id='word_1_296' title='bbox 1532 1804 1659 1846; x_wconf 89' lang='lat' dir='ltr'>supra</span> <span class='ocrx_word' id='word_1_297' title='bbox 1691 1789 1826 1833; x_wconf 85' lang='lat' dir='ltr'>docui.</span> <span class='ocrx_word' id='word_1_298' title='bbox 1876 1792 2023 1848; x_wconf 87' lang='lat' dir='ltr'>itaque</span> <span class='ocrx_word' id='word_1_299' title='bbox 2054 1793 2160 1849; x_wconf 88' lang='lat' dir='ltr'>quin</span> <span class='ocrx_word' id='word_1_300' title='bbox 2190 1795 2422 1849; x_wconf 87' lang='lat' dir='ltr'>utrumque</span> <span class='ocrx_word' id='word_1_301' title='bbox 2454 1797 2497 1835; x_wconf 90' lang='lat' dir='ltr'>et</span> <span class='ocrx_word' id='word_1_302' title='bbox 2511 1791 2708 1836; x_wconf 87' lang='lat' dir='ltr'>Solonem</span> 
     </span>
     <span class='ocr_line' id='line_1_28' title="bbox 441 1859 2710 1922; baseline 0.001 -19"><span class='ocrx_word' id='word_1_303' title='bbox 441 1861 572 1919; x_wconf 85' lang='lat' dir='ltr'>Cypri</span> <span class='ocrx_word' id='word_1_304' title='bbox 610 1864 823 1904; x_wconf 84' lang='lat' dir='ltr'>mortuum</span> <span class='ocrx_word' id='word_1_305' title='bbox 864 1864 908 1903; x_wconf 89' lang='lat' dir='ltr'>et</span> <span class='ocrx_word' id='word_1_306' title='bbox 944 1861 1036 1917; x_wconf 73' lang='lat' dir='ltr'>ejus</span> <span class='ocrx_word' id='word_1_307' title='bbox 1073 1861 1255 1903; x_wconf 89' lang='lat' dir='ltr'>cinerem</span> <span class='ocrx_word' id='word_1_308' title='bbox 1298 1861 1411 1903; x_wconf 88' lang='lat' dir='ltr'>circa</span> <span class='ocrx_word' id='word_1_309' title='bbox 1441 1859 1700 1904; x_wconf 84' lang='lat' dir='ltr'>Salaminem</span> <span class='ocrx_word' id='word_1_310' title='bbox 1745 1860 1982 1918; x_wconf 84' lang='lat' dir='ltr'>dispersum</span> <span class='ocrx_word' id='word_1_311' title='bbox 2013 1877 2121 1915; x_wconf 88' lang='lat' dir='ltr'>esse,</span> <span class='ocrx_word' id='word_1_312' title='bbox 2171 1877 2280 1920; x_wconf 87' lang='lat' dir='ltr'>quae</span> <span class='ocrx_word' id='word_1_313' title='bbox 2312 1863 2524 1922; x_wconf 86' lang='lat' dir='ltr'>Diogenes</span> <span class='ocrx_word' id='word_1_314' title='bbox 2564 1862 2710 1907; x_wconf 86' lang='lat' dir='ltr'>eodem</span> 
     </span>
     <span class='ocr_line' id='line_1_29' title="bbox 441 1930 2710 1992; baseline 0 -16"><span class='ocrx_word' id='word_1_315' title='bbox 441 1933 535 1977; x_wconf 91' lang='lat' dir='ltr'>loco</span> <span class='ocrx_word' id='word_1_316' title='bbox 578 1935 740 1984; x_wconf 87' lang='lat' dir='ltr'>narret,</span> <span class='ocrx_word' id='word_1_317' title='bbox 790 1932 836 1973; x_wconf 90' lang='lat' dir='ltr'>in</span> <span class='ocrx_word' id='word_1_318' title='bbox 880 1930 1138 1988; x_wconf 87' lang='lat' dir='ltr'>Hermippeo</span> <span class='ocrx_word' id='word_1_319' title='bbox 1179 1946 1344 1988; x_wconf 90' lang='lat' dir='ltr'>quoque</span> <span class='ocrx_word' id='word_1_320' title='bbox 1389 1931 1497 1974; x_wconf 91' lang='lat' dir='ltr'>libro</span> <span class='ocrx_word' id='word_1_321' title='bbox 1539 1930 1745 1975; x_wconf 81' lang='lat' dir='ltr'>traditum</span> <span class='ocrx_word' id='word_1_322' title='bbox 1794 1933 1943 1986; x_wconf 83' lang='lat' dir='ltr'>fuerit,</span> <span class='ocrx_word' id='word_1_323' title='bbox 1994 1932 2174 1976; x_wconf 88' lang='lat' dir='ltr'>dubium</span> <span class='ocrx_word' id='word_1_324' title='bbox 2205 1949 2291 1978; x_wconf 88' lang='lat' dir='ltr'>non</span> <span class='ocrx_word' id='word_1_325' title='bbox 2332 1950 2420 1978; x_wconf 89' lang='lat' dir='ltr'>esse</span> <span class='ocrx_word' id='word_1_326' title='bbox 2459 1936 2710 1992; x_wconf 88' lang='lat' dir='ltr'>putaverim.</span> 
     </span>
     <span class='ocr_line' id='line_1_30' title="bbox 442 2001 2711 2059; baseline 0.001 -12"><span class='ocrx_word' id='word_1_327' title='bbox 442 2002 688 2047; x_wconf 84' lang='lat' dir='ltr'>narratione</span> <span class='ocrx_word' id='word_1_328' title='bbox 734 2002 872 2059; x_wconf 84' lang='lat' dir='ltr'>igitur</span> <span class='ocrx_word' id='word_1_329' title='bbox 902 2001 1150 2059; x_wconf 87' lang='lat' dir='ltr'>Hermippea</span> <span class='ocrx_word' id='word_1_330' title='bbox 1194 2001 1500 2059; x_wconf 88' lang='lat' dir='ltr'>quodammodo</span> <span class='ocrx_word' id='word_1_331' title='bbox 1542 2003 1745 2046; x_wconf 87' lang='lat' dir='ltr'>mutilata</span> <span class='ocrx_word' id='word_1_332' title='bbox 1775 2003 2031 2047; x_wconf 87' lang='lat' dir='ltr'>Plutarchus</span> <span class='ocrx_word' id='word_1_333' title='bbox 2070 2003 2269 2048; x_wconf 89' lang='lat' dir='ltr'>Solonem</span> <span class='ocrx_word' id='word_1_334' title='bbox 2319 2007 2472 2049; x_wconf 89' lang='lat' dir='ltr'>iterum</span> <span class='ocrx_word' id='word_1_335' title='bbox 2509 2021 2560 2048; x_wconf 84' lang='lat' dir='ltr'>ex</span> <span class='ocrx_word' id='word_1_336' title='bbox 2608 2005 2711 2049; x_wconf 89' lang='lat' dir='ltr'>urbe</span> 
     </span>
     <span class='ocr_line' id='line_1_31' title="bbox 440 2071 2710 2132; baseline 0.001 -14"><span class='ocrx_word' id='word_1_337' title='bbox 440 2073 683 2118; x_wconf 78' lang='lat' dir='ltr'>discessisse</span> <span class='ocrx_word' id='word_1_338' title='bbox 713 2074 859 2116; x_wconf 87' lang='lat' dir='ltr'>omisit</span> <span class='ocrx_word' id='word_1_339' title='bbox 882 2071 1058 2126; x_wconf 85' lang='lat' dir='ltr'>adicere,</span> <span class='ocrx_word' id='word_1_340' title='bbox 1088 2074 1177 2116; x_wconf 86' lang='lat' dir='ltr'>sive</span> <span class='ocrx_word' id='word_1_341' title='bbox 1209 2075 1310 2130; x_wconf 89' lang='lat' dir='ltr'>quia</span> <span class='ocrx_word' id='word_1_342' title='bbox 1340 2073 1393 2116; x_wconf 89' lang='lat' dir='ltr'>ad</span> <span class='ocrx_word' id='word_1_343' title='bbox 1426 2074 1550 2116; x_wconf 85' lang='lat' dir='ltr'>finem</span> <span class='ocrx_word' id='word_1_344' title='bbox 1570 2075 1787 2131; x_wconf 88' lang='lat' dir='ltr'>pervenire</span> <span class='ocrx_word' id='word_1_345' title='bbox 1803 2074 2012 2130; x_wconf 88' lang='lat' dir='ltr'>studebat,</span> <span class='ocrx_word' id='word_1_346' title='bbox 2041 2077 2131 2119; x_wconf 89' lang='lat' dir='ltr'>sive</span> <span class='ocrx_word' id='word_1_347' title='bbox 2161 2077 2262 2132; x_wconf 90' lang='lat' dir='ltr'>quia</span> <span class='ocrx_word' id='word_1_348' title='bbox 2286 2075 2423 2119; x_wconf 89' lang='lat' dir='ltr'>denuo</span> <span class='ocrx_word' id='word_1_349' title='bbox 2454 2075 2508 2118; x_wconf 81' lang='lat' dir='ltr'>ad</span> <span class='ocrx_word' id='word_1_350' title='bbox 2523 2076 2710 2120; x_wconf 84' lang='lat' dir='ltr'>alterum</span> 
     </span>
     <span class='ocr_line' id='line_1_32' title="bbox 442 2143 2709 2204; baseline 0 -16"><span class='ocrx_word' id='word_1_351' title='bbox 442 2149 660 2188; x_wconf 87' lang='lat' dir='ltr'>auctorem</span> <span class='ocrx_word' id='word_1_352' title='bbox 691 2158 813 2187; x_wconf 87' lang='lat' dir='ltr'>suum</span> <span class='ocrx_word' id='word_1_353' title='bbox 844 2158 889 2187; x_wconf 88' lang='lat' dir='ltr'>se</span> <span class='ocrx_word' id='word_1_354' title='bbox 918 2144 1170 2197; x_wconf 83' lang='lat' dir='ltr'>conferebat,</span> <span class='ocrx_word' id='word_1_355' title='bbox 1200 2159 1226 2186; x_wconf 90' lang='lat' dir='ltr'>a</span> <span class='ocrx_word' id='word_1_356' title='bbox 1256 2158 1341 2200; x_wconf 92' lang='lat' dir='ltr'>quo</span> <span class='ocrx_word' id='word_1_357' title='bbox 1362 2159 1466 2201; x_wconf 87' lang='lat' dir='ltr'>quae</span> <span class='ocrx_word' id='word_1_358' title='bbox 1496 2143 1655 2188; x_wconf 89' lang='lat' dir='ltr'>tradita</span> <span class='ocrx_word' id='word_1_359' title='bbox 1684 2149 1824 2188; x_wconf 88' lang='lat' dir='ltr'>essent</span> <span class='ocrx_word' id='word_1_360' title='bbox 1854 2160 1903 2189; x_wconf 88' lang='lat' dir='ltr'>ea</span> <span class='ocrx_word' id='word_1_361' title='bbox 1936 2147 1981 2190; x_wconf 89' lang='lat' dir='ltr'>in</span> <span class='ocrx_word' id='word_1_362' title='bbox 2017 2151 2206 2190; x_wconf 87' lang='lat' dir='ltr'>extrema</span> <span class='ocrx_word' id='word_1_363' title='bbox 2233 2148 2326 2190; x_wconf 85' lang='lat' dir='ltr'>vita</span> <span class='ocrx_word' id='word_1_364' title='bbox 2350 2146 2617 2204; x_wconf 85' lang='lat' dir='ltr'>Hermippeis</span> <span class='ocrx_word' id='word_1_365' title='bbox 2639 2146 2709 2190; x_wconf 85' lang='lat' dir='ltr'>ad·</span> 
     </span>
     <span class='ocr_line' id='line_1_33' title="bbox 444 2214 2709 2275; baseline 0 -16"><span class='ocrx_word' id='word_1_366' title='bbox 444 2218 583 2259; x_wconf 80' lang='lat' dir='ltr'>mixta</span> <span class='ocrx_word' id='word_1_367' title='bbox 611 2230 702 2259; x_wconf 84' lang='lat' dir='ltr'>esse</span> <span class='ocrx_word' id='word_1_368' title='bbox 727 2216 811 2271; x_wconf 87' lang='lat' dir='ltr'>jam</span> <span class='ocrx_word' id='word_1_369' title='bbox 829 2214 1193 2258; x_wconf 87' lang='lat' dir='ltr'>demonstraturus</span> <span class='ocrx_word' id='word_1_370' title='bbox 1218 2230 1323 2258; x_wconf 90' lang='lat' dir='ltr'>sum.</span> <span class='ocrx_word' id='word_1_371' title='bbox 1371 2229 1506 2271; x_wconf 90' lang='lat' dir='ltr'>neque</span> <span class='ocrx_word' id='word_1_372' title='bbox 1534 2229 1633 2259; x_wconf 86' lang='lat' dir='ltr'>vero</span> <span class='ocrx_word' id='word_1_373' title='bbox 1662 2222 1808 2259; x_wconf 87' lang='lat' dir='ltr'>contra</span> <span class='ocrx_word' id='word_1_374' title='bbox 1841 2231 1947 2270; x_wconf 88' lang='lat' dir='ltr'>eam,</span> <span class='ocrx_word' id='word_1_375' title='bbox 1977 2232 2107 2275; x_wconf 85' lang='lat' dir='ltr'>quam</span> <span class='ocrx_word' id='word_1_376' title='bbox 2148 2217 2425 2268; x_wconf 84' lang='lat' dir='ltr'>defendimus,</span> <span class='ocrx_word' id='word_1_377' title='bbox 2454 2219 2709 2261; x_wconf 82' lang='lat' dir='ltr'>sententiam</span> 
     </span>
     <span class='ocr_line' id='line_1_34' title="bbox 443 2285 2711 2345; baseline 0 -15"><span class='ocrx_word' id='word_1_378' title='bbox 443 2286 679 2344; x_wconf 82' lang='lat' dir='ltr'>quidquam</span> <span class='ocrx_word' id='word_1_379' title='bbox 711 2286 849 2330; x_wconf 85' lang='lat' dir='ltr'>afferri</span> <span class='ocrx_word' id='word_1_380' title='bbox 882 2300 1002 2342; x_wconf 84' lang='lat' dir='ltr'>posse</span> <span class='ocrx_word' id='word_1_381' title='bbox 1033 2285 1154 2328; x_wconf 89' lang='lat' dir='ltr'>video</span> <span class='ocrx_word' id='word_1_382' title='bbox 1172 2320 1181 2337; x_wconf 94' lang='lat'>,</span> <span class='ocrx_word' id='word_1_383' title='bbox 1227 2288 1308 2329; x_wconf 88' lang='lat' dir='ltr'>nisi</span> <span class='ocrx_word' id='word_1_384' title='bbox 1341 2286 1453 2343; x_wconf 86' lang='lat' dir='ltr'>quod</span> <span class='ocrx_word' id='word_1_385' title='bbox 1486 2288 1529 2329; x_wconf 90' lang='lat' dir='ltr'>in</span> <span class='ocrx_word' id='word_1_386' title='bbox 1562 2291 1745 2329; x_wconf 85' lang='lat' dir='ltr'>extremo</span> <span class='ocrx_word' id='word_1_387' title='bbox 1786 2288 1925 2345; x_wconf 76' lang='lat' dir='ltr'>capite</span> <span class='ocrx_word' id='word_1_388' title='bbox 1957 2289 2024 2331; x_wconf 76' lang='lat'>30.</span> <span class='ocrx_word' id='word_1_389' title='bbox 2067 2287 2324 2330; x_wconf 70' lang='lat' dir='ltr'>Plutarchus</span> <span class='ocrx_word' id='word_1_390' title='bbox 2357 2287 2397 2330; x_wconf 82' lang='lat' dir='ltr'>id</span> <span class='ocrx_word' id='word_1_391' title='bbox 2442 2288 2543 2344; x_wconf 79' lang='lat' dir='ltr'>ipsis</span> <span class='ocrx_word' id='word_1_392' title='bbox 2572 2287 2711 2331; x_wconf 85' lang='lat' dir='ltr'>verbis</span> 
     </span>
     <span class='ocr_line' id='line_1_35' title="bbox 442 2355 2708 2416; baseline 0 -15"><span class='ocrx_word' id='word_1_393' title='bbox 442 2358 641 2409; x_wconf 86' lang='lat' dir='ltr'>affirmat,</span> <span class='ocrx_word' id='word_1_394' title='bbox 672 2357 868 2400; x_wconf 88' lang='lat' dir='ltr'>Solonem</span> <span class='ocrx_word' id='word_1_395' title='bbox 900 2371 971 2408; x_wconf 85' lang='lat' dir='ltr'>per</span> <span class='ocrx_word' id='word_1_396' title='bbox 1001 2357 1414 2414; x_wconf 84' lang='lat' dir='ltr'>reliquumtempus</span> <span class='ocrx_word' id='word_1_397' title='bbox 1445 2355 1507 2409; x_wconf 78' lang='grc' dir='ltr'>(τὸ</span> <span class='ocrx_word' id='word_1_398' title='bbox 1537 2355 1705 2410; x_wconf 79' lang='grc' dir='ltr'>λοιπόν)</span> <span class='ocrx_word' id='word_1_399' title='bbox 1737 2360 1825 2401; x_wconf 82' lang='lat' dir='ltr'>vita</span> <span class='ocrx_word' id='word_1_400' title='bbox 1866 2359 2104 2416; x_wconf 84' lang='lat' dir='ltr'>tranquilla</span> <span class='ocrx_word' id='word_1_401' title='bbox 2149 2373 2267 2401; x_wconf 85' lang='lat' dir='ltr'>usum</span> <span class='ocrx_word' id='word_1_402' title='bbox 2310 2373 2448 2415; x_wconf 87' lang='lat' dir='ltr'>neque</span> <span class='ocrx_word' id='word_1_403' title='bbox 2479 2360 2708 2402; x_wconf 73' lang='lat' dir='ltr'>amicorum</span> 
     </span>
     <span class='ocr_line' id='line_1_36' title="bbox 443 2428 2711 2486; baseline 0 -14"><span class='ocrx_word' id='word_1_404' title='bbox 443 2429 625 2473; x_wconf 87' lang='lat' dir='ltr'>consilia</span> <span class='ocrx_word' id='word_1_405' title='bbox 653 2432 852 2472; x_wconf 86' lang='lat' dir='ltr'>secutum</span> <span class='ocrx_word' id='word_1_406' title='bbox 871 2428 1053 2471; x_wconf 87' lang='lat' dir='ltr'>Athenis</span> <span class='ocrx_word' id='word_1_407' title='bbox 1084 2429 1302 2471; x_wconf 86' lang='lat' dir='ltr'>mansisse.</span> <span class='ocrx_word' id='word_1_408' title='bbox 1350 2428 1465 2485; x_wconf 86' lang='lat' dir='ltr'>quod</span> <span class='ocrx_word' id='word_1_409' title='bbox 1495 2433 1543 2471; x_wconf 91' lang='lat' dir='ltr'>ut</span> <span class='ocrx_word' id='word_1_410' title='bbox 1573 2428 1754 2473; x_wconf 73' lang='lat' dir='ltr'>adderet</span> <span class='ocrx_word' id='word_1_411' title='bbox 1785 2444 1878 2472; x_wconf 86' lang='lat' dir='ltr'>cum</span> <span class='ocrx_word' id='word_1_412' title='bbox 1901 2429 1956 2472; x_wconf 84' lang='lat' dir='ltr'>ab</span> <span class='ocrx_word' id='word_1_413' title='bbox 1974 2430 2226 2486; x_wconf 76' lang='lat' dir='ltr'>Heriiiippea</span> <span class='ocrx_word' id='word_1_414' title='bbox 2249 2432 2492 2472; x_wconf 87' lang='lat' dir='ltr'>narratione</span> <span class='ocrx_word' id='word_1_415' title='bbox 2524 2431 2711 2473; x_wconf 84' lang='lat' dir='ltr'>maxime</span> 
     </span>
     <span class='ocr_line' id='line_1_37' title="bbox 444 2498 2708 2557; baseline 0 -14"><span class='ocrx_word' id='word_1_416' title='bbox 444 2500 707 2553; x_wconf 83' lang='lat' dir='ltr'>abhorreret,</span> <span class='ocrx_word' id='word_1_417' title='bbox 750 2498 955 2556; x_wconf 84' lang='lat' dir='ltr'>quomodo</span> <span class='ocrx_word' id='word_1_418' title='bbox 995 2499 1156 2542; x_wconf 81' lang='lat' dir='ltr'>factum</span> <span class='ocrx_word' id='word_1_419' title='bbox 1198 2500 1275 2544; x_wconf 81' lang='lat' dir='ltr'>sit,</span> <span class='ocrx_word' id='word_1_420' title='bbox 1320 2500 1512 2556; x_wconf 83' lang='lat' dir='ltr'>intellegi</span> <span class='ocrx_word' id='word_1_421' title='bbox 1553 2515 1636 2542; x_wconf 91' lang='lat' dir='ltr'>non</span> <span class='ocrx_word' id='word_1_422' title='bbox 1678 2514 1797 2551; x_wconf 82' lang='lat' dir='ltr'>posse</span> <span class='ocrx_word' id='word_1_423' title='bbox 1836 2502 1976 2543; x_wconf 85' lang='lat' dir='ltr'>nescio</span> <span class='ocrx_word' id='word_1_424' title='bbox 2018 2517 2072 2544; x_wconf 75' lang='lat' dir='ltr'>nn</span> <span class='ocrx_word' id='word_1_425' title='bbox 2103 2502 2201 2557; x_wconf 88' lang='lat' dir='ltr'>quis</span> <span class='ocrx_word' id='word_1_426' title='bbox 2231 2505 2484 2557; x_wconf 78' lang='lat' dir='ltr'>opposuerit.</span> <span class='ocrx_word' id='word_1_427' title='bbox 2547 2502 2708 2544; x_wconf 82' lang='lat' dir='ltr'>atenim</span> 
     </span>
     <span class='ocr_line' id='line_1_38' title="bbox 445 2570 2711 2628; baseline 0 -14"><span class='ocrx_word' id='word_1_428' title='bbox 445 2572 629 2624; x_wconf 78' lang='lat' dir='ltr'>primum</span> <span class='ocrx_word' id='word_1_429' title='bbox 650 2570 931 2614; x_wconf 88' lang='lat' dir='ltr'>Plutarchum</span> <span class='ocrx_word' id='word_1_430' title='bbox 962 2571 1008 2612; x_wconf 90' lang='lat' dir='ltr'>in</span> <span class='ocrx_word' id='word_1_431' title='bbox 1038 2571 1178 2627; x_wconf 79' lang='lat' dir='ltr'>capite</span> <span class='ocrx_word' id='word_1_432' title='bbox 1210 2570 1279 2612; x_wconf 85' lang='lat'>30.</span> <span class='ocrx_word' id='word_1_433' title='bbox 1319 2570 1592 2627; x_wconf 86' lang='lat' dir='ltr'>Hermippea,</span> <span class='ocrx_word' id='word_1_434' title='bbox 1633 2586 1743 2626; x_wconf 78' lang='lat' dir='ltr'>quae</span> <span class='ocrx_word' id='word_1_435' title='bbox 1769 2571 1963 2628; x_wconf 81' lang='lat' dir='ltr'>legisset,</span> <span class='ocrx_word' id='word_1_436' title='bbox 2008 2572 2150 2628; x_wconf 88' lang='lat' dir='ltr'>aliquo</span> <span class='ocrx_word' id='word_1_437' title='bbox 2187 2572 2310 2614; x_wconf 86' lang='lat' dir='ltr'>modo</span> <span class='ocrx_word' id='word_1_438' title='bbox 2353 2577 2544 2614; x_wconf 82' lang='lat' dir='ltr'>mutasse</span> <span class='ocrx_word' id='word_1_439' title='bbox 2582 2585 2711 2624; x_wconf 76' lang='lat' dir='ltr'>supra</span> 
     </span>
     <span class='ocr_line' id='line_1_39' title="bbox 445 2640 2710 2698; baseline -0 -13"><span class='ocrx_word' id='word_1_440' title='bbox 445 2642 500 2695; x_wconf 80' lang='lat' dir='ltr'>(p.</span> <span class='ocrx_word' id='word_1_441' title='bbox 530 2642 599 2686; x_wconf 78' lang='lat'>23.</span> <span class='ocrx_word' id='word_1_442' title='bbox 627 2658 725 2686; x_wconf 85' lang='lat' dir='ltr'>ann.</span> <span class='ocrx_word' id='word_1_443' title='bbox 756 2641 841 2694; x_wconf 74' lang='grc'><strong>64.)</strong></span> <span class='ocrx_word' id='word_1_444' title='bbox 872 2640 1067 2692; x_wconf 83' lang='lat' dir='ltr'>vidimus,</span> <span class='ocrx_word' id='word_1_445' title='bbox 1097 2655 1195 2683; x_wconf 90' lang='lat' dir='ltr'>cum</span> <span class='ocrx_word' id='word_1_446' title='bbox 1227 2656 1382 2694; x_wconf 89' lang='lat' dir='ltr'>versus,</span> <span class='ocrx_word' id='word_1_447' title='bbox 1421 2655 1528 2698; x_wconf 89' lang='lat' dir='ltr'>quos</span> <span class='ocrx_word' id='word_1_448' title='bbox 1557 2640 1612 2683; x_wconf 86' lang='lat' dir='ltr'>ad</span> <span class='ocrx_word' id='word_1_449' title='bbox 1644 2640 1754 2684; x_wconf 86' lang='lat' dir='ltr'>idem</span> <span class='ocrx_word' id='word_1_450' title='bbox 1795 2655 1962 2685; x_wconf 87' lang='lat' dir='ltr'>carmen</span> <span class='ocrx_word' id='word_1_451' title='bbox 1995 2644 2203 2698; x_wconf 80' lang='lat' dir='ltr'>pertinere</span> <span class='ocrx_word' id='word_1_452' title='bbox 2234 2648 2276 2685; x_wconf 84' lang='lat' dir='ltr'>ct</span> <span class='ocrx_word' id='word_1_453' title='bbox 2304 2642 2514 2685; x_wconf 87' lang='lat' dir='ltr'>Diodorus</span> <span class='ocrx_word' id='word_1_454' title='bbox 2542 2647 2588 2685; x_wconf 86' lang='lat' dir='ltr'>et</span> <span class='ocrx_word' id='word_1_455' title='bbox 2613 2642 2710 2686; x_wconf 81' lang='lat' dir='ltr'>Dio-</span> 
     </span>
     <span class='ocr_line' id='line_1_40' title="bbox 445 2711 2712 2771; baseline 0 -15"><span class='ocrx_word' id='word_1_456' title='bbox 445 2726 573 2770; x_wconf 78' lang='lat' dir='ltr'>geues</span> <span class='ocrx_word' id='word_1_457' title='bbox 602 2712 754 2756; x_wconf 86' lang='lat' dir='ltr'>docent</span> <span class='ocrx_word' id='word_1_458' title='bbox 783 2716 827 2755; x_wconf 90' lang='lat' dir='ltr'>ct</span> <span class='ocrx_word' id='word_1_459' title='bbox 858 2726 964 2769; x_wconf 90' lang='lat' dir='ltr'>quos</span> <span class='ocrx_word' id='word_1_460' title='bbox 991 2726 1075 2754; x_wconf 90' lang='lat' dir='ltr'>uno</span> <span class='ocrx_word' id='word_1_461' title='bbox 1105 2711 1327 2768; x_wconf 90' lang='lat' dir='ltr'>eodemque</span> <span class='ocrx_word' id='word_1_462' title='bbox 1357 2711 1450 2754; x_wconf 93' lang='lat' dir='ltr'>loco</span> <span class='ocrx_word' id='word_1_463' title='bbox 1485 2715 1528 2754; x_wconf 91' lang='lat' dir='ltr'>et</span> <span class='ocrx_word' id='word_1_464' title='bbox 1558 2716 1672 2755; x_wconf 85' lang='lat' dir='ltr'>recto</span> <span class='ocrx_word' id='word_1_465' title='bbox 1703 2711 1847 2755; x_wconf 88' lang='lat' dir='ltr'>ordine</span> <span class='ocrx_word' id='word_1_466' title='bbox 1888 2713 1943 2755; x_wconf 90' lang='lat' dir='ltr'>ab</span> <span class='ocrx_word' id='word_1_467' title='bbox 1974 2713 2202 2771; x_wconf 86' lang='lat' dir='ltr'>Hermippo</span> <span class='ocrx_word' id='word_1_468' title='bbox 2244 2714 2400 2756; x_wconf 78' lang='lat' dir='ltr'>allatos</span> <span class='ocrx_word' id='word_1_469' title='bbox 2439 2727 2528 2755; x_wconf 85' lang='lat' dir='ltr'>esse</span> <span class='ocrx_word' id='word_1_470' title='bbox 2563 2717 2607 2756; x_wconf 89' lang='lat' dir='ltr'>et</span> <span class='ocrx_word' id='word_1_471' title='bbox 2638 2728 2712 2770; x_wconf 71' lang='lat' dir='ltr'>per</span> 
     </span>
     <span class='ocr_line' id='line_1_41' title="bbox 446 2782 2710 2842; baseline -0 -15"><span class='ocrx_word' id='word_1_472' title='bbox 446 2797 492 2827; x_wconf 86' lang='lat' dir='ltr'>se</span> <span class='ocrx_word' id='word_1_473' title='bbox 516 2787 560 2827; x_wconf 86' lang='lat' dir='ltr'>et</span> <span class='ocrx_word' id='word_1_474' title='bbox 589 2797 642 2827; x_wconf 83' lang='lat' dir='ltr'>ex</span> <span class='ocrx_word' id='word_1_475' title='bbox 672 2784 877 2841; x_wconf 79' lang='lat' dir='ltr'>Diogenis</span> <span class='ocrx_word' id='word_1_476' title='bbox 908 2783 1017 2827; x_wconf 88' lang='lat' dir='ltr'>libro</span> <span class='ocrx_word' id='word_1_477' title='bbox 1047 2782 1274 2825; x_wconf 88' lang='lat' dir='ltr'>verisimile</span> <span class='ocrx_word' id='word_1_478' title='bbox 1305 2787 1379 2834; x_wconf 86' lang='lat' dir='ltr'>est,</span> <span class='ocrx_word' id='word_1_479' title='bbox 1410 2783 1552 2839; x_wconf 89' lang='lat' dir='ltr'>inepte</span> <span class='ocrx_word' id='word_1_480' title='bbox 1578 2782 1765 2826; x_wconf 87' lang='lat' dir='ltr'>inversos</span> <span class='ocrx_word' id='word_1_481' title='bbox 1795 2788 1839 2826; x_wconf 87' lang='lat' dir='ltr'>et</span> <span class='ocrx_word' id='word_1_482' title='bbox 1869 2782 2096 2840; x_wconf 80' lang='lat' dir='ltr'>dissipatos</span> <span class='ocrx_word' id='word_1_483' title='bbox 2122 2786 2274 2842; x_wconf 86' lang='lat' dir='ltr'>partim</span> <span class='ocrx_word' id='word_1_484' title='bbox 2309 2786 2352 2827; x_wconf 90' lang='lat' dir='ltr'>in</span> <span class='ocrx_word' id='word_1_485' title='bbox 2385 2782 2521 2826; x_wconf 88' lang='lat' dir='ltr'>medio</span> <span class='ocrx_word' id='word_1_486' title='bbox 2552 2783 2710 2840; x_wconf 82' lang='lat' dir='ltr'>partim</span> 
     </span>
     <span class='ocr_line' id='line_1_42' title="bbox 448 2852 2713 2911; baseline 0 -15"><span class='ocrx_word' id='word_1_487' title='bbox 448 2854 492 2897; x_wconf 91' lang='lat' dir='ltr'>in</span> <span class='ocrx_word' id='word_1_488' title='bbox 523 2857 711 2897; x_wconf 86' lang='lat' dir='ltr'>extremo</span> <span class='ocrx_word' id='word_1_489' title='bbox 740 2856 880 2911; x_wconf 81' lang='lat' dir='ltr'>capite.</span> <span class='ocrx_word' id='word_1_490' title='bbox 912 2853 1119 2910; x_wconf 74' lang='lat' dir='ltr'>praebeat.</span> <span class='ocrx_word' id='word_1_491' title='bbox 1180 2858 1395 2910; x_wconf 86' lang='lat' dir='ltr'>praeterea</span> <span class='ocrx_word' id='word_1_492' title='bbox 1426 2853 1562 2905; x_wconf 90' lang='lat' dir='ltr'>miror,</span> <span class='ocrx_word' id='word_1_493' title='bbox 1592 2853 1705 2910; x_wconf 88' lang='lat' dir='ltr'>quod</span> <span class='ocrx_word' id='word_1_494' title='bbox 1723 2852 1921 2896; x_wconf 82' lang='lat' dir='ltr'>Solonem</span> <span class='ocrx_word' id='word_1_495' title='bbox 1938 2859 2065 2898; x_wconf 77' lang='lat' dir='ltr'>antea</span> <span class='ocrx_word' id='word_1_496' title='bbox 2092 2856 2246 2898; x_wconf 89' lang='lat' dir='ltr'>timore</span> <span class='ocrx_word' id='word_1_497' title='bbox 2267 2854 2513 2911; x_wconf 79' lang='lat' dir='ltr'>perductum</span> <span class='ocrx_word' id='word_1_498' title='bbox 2535 2852 2713 2898; x_wconf 85' lang='lat' dir='ltr'>domum.</span> 
     </span>
     <span class='ocr_line' id='line_1_43' title="bbox 447 2920 2710 2982; baseline 0 -14"><span class='ocrx_word' id='word_1_499' title='bbox 447 2925 605 2968; x_wconf 89' lang='lat' dir='ltr'>abiisse</span> <span class='ocrx_word' id='word_1_500' title='bbox 634 2921 720 2978; x_wconf 83' lang='grc' dir='ltr'>(διὰ</span> <span class='ocrx_word' id='word_1_501' title='bbox 751 2922 824 2968; x_wconf 79' lang='grc' dir='ltr'>τὸν</span> <span class='ocrx_word' id='word_1_502' title='bbox 854 2922 987 2981; x_wconf 78' lang='grc' dir='ltr'><em>φόβον</em></span> <span class='ocrx_word' id='word_1_503' title='bbox 1017 2920 1250 2981; x_wconf 72' lang='grc' dir='ltr'><em>ἀπῆλθεν),</em></span> <span class='ocrx_word' id='word_1_504' title='bbox 1296 2927 1388 2966; x_wconf 90' lang='lat' dir='ltr'>tum</span> <span class='ocrx_word' id='word_1_505' title='bbox 1420 2925 1571 2967; x_wconf 90' lang='lat' dir='ltr'>timore</span> <span class='ocrx_word' id='word_1_506' title='bbox 1603 2923 1781 2966; x_wconf 83' lang='lat' dir='ltr'>liberum</span> <span class='ocrx_word' id='word_1_507' title='bbox 1813 2922 2095 2969; x_wconf 85' lang='lat' dir='ltr'>Athenienses</span> <span class='ocrx_word' id='word_1_508' title='bbox 2146 2940 2228 2968; x_wconf 90' lang='lat' dir='ltr'>non</span> <span class='ocrx_word' id='word_1_509' title='bbox 2269 2924 2528 2967; x_wconf 73' lang='lat' dir='ltr'>mediocriter</span> <span class='ocrx_word' id='word_1_510' title='bbox 2572 2924 2710 2982; x_wconf 86' lang='lat' dir='ltr'>objur—</span> 
     </span>
     <span class='ocr_line' id='line_1_44' title="bbox 446 2994 2710 3054; baseline 0 -15"><span class='ocrx_word' id='word_1_511' title='bbox 446 3010 570 3054; x_wconf 81' lang='lat' dir='ltr'>gasse</span> <span class='ocrx_word' id='word_1_512' title='bbox 600 2995 861 3040; x_wconf 87' lang='lat' dir='ltr'>Plutarchus</span> <span class='ocrx_word' id='word_1_513' title='bbox 886 2998 1042 3039; x_wconf 85' lang='lat' dir='ltr'>narrat.</span> <span class='ocrx_word' id='word_1_514' title='bbox 1119 3009 1227 3052; x_wconf 90' lang='lat' dir='ltr'>quae</span> <span class='ocrx_word' id='word_1_515' title='bbox 1257 3009 1348 3038; x_wconf 87' lang='lat' dir='ltr'>cum</span> <span class='ocrx_word' id='word_1_516' title='bbox 1380 2995 1442 3037; x_wconf 86' lang='lat' dir='ltr'>ita</span> <span class='ocrx_word' id='word_1_517' title='bbox 1471 2998 1575 3048; x_wconf 87' lang='lat' dir='ltr'>sint,</span> <span class='ocrx_word' id='word_1_518' title='bbox 1620 3008 1714 3037; x_wconf 88' lang='lat' dir='ltr'>cum</span> <span class='ocrx_word' id='word_1_519' title='bbox 1748 2994 2004 3052; x_wconf 88' lang='lat' dir='ltr'>Hermippus</span> <span class='ocrx_word' id='word_1_520' title='bbox 2044 2996 2222 3040; x_wconf 82' lang='lat' dir='ltr'>sortasse</span> <span class='ocrx_word' id='word_1_521' title='bbox 2251 2996 2444 3039; x_wconf 80' lang='lat' dir='ltr'>Solonem</span> <span class='ocrx_word' id='word_1_522' title='bbox 2478 2994 2710 3039; x_wconf 66' lang='lat' dir='ltr'>Pisistrato</span> 
     </span>
    </p>
   </div>
   <div class='ocr_carea' id='block_1_10' title="bbox 446 3064 2712 3196">
    <p class='ocr_par' dir='ltr' id='par_1_10' title="bbox 446 3064 2712 3196">
     <span class='ocr_line' id='line_1_45' title="bbox 448 3064 2710 3124; baseline 0 -15"><span class='ocrx_word' id='word_1_523' title='bbox 448 3070 653 3123; x_wconf 87' lang='lat' dir='ltr'>tyrranno</span> <span class='ocrx_word' id='word_1_524' title='bbox 682 3066 962 3124; x_wconf 84' lang='lat' dir='ltr'>aliquamdiu,</span> <span class='ocrx_word' id='word_1_525' title='bbox 978 3070 1028 3109; x_wconf 88' lang='lat' dir='ltr'>ut</span> <span class='ocrx_word' id='word_1_526' title='bbox 1057 3071 1323 3124; x_wconf 81' lang='lat' dir='ltr'>repugnaret,</span> <span class='ocrx_word' id='word_1_527' title='bbox 1355 3064 1536 3109; x_wconf 85' lang='lat' dir='ltr'>Athenis</span> <span class='ocrx_word' id='word_1_528' title='bbox 1567 3066 1782 3117; x_wconf 85' lang='lat' dir='ltr'>mansisse,</span> <span class='ocrx_word' id='word_1_529' title='bbox 1812 3071 1957 3123; x_wconf 76' lang='lat' dir='ltr'>postea</span> <span class='ocrx_word' id='word_1_530' title='bbox 1988 3067 2059 3110; x_wconf 90' lang='lat' dir='ltr'>ubi</span> <span class='ocrx_word' id='word_1_531' title='bbox 2090 3067 2197 3110; x_wconf 85' lang='lat' dir='ltr'>nihil</span> <span class='ocrx_word' id='word_1_532' title='bbox 2229 3082 2273 3110; x_wconf 82' lang='lat' dir='ltr'>se</span> <span class='ocrx_word' id='word_1_533' title='bbox 2304 3067 2590 3123; x_wconf 80' lang='lat' dir='ltr'>profecturum</span> <span class='ocrx_word' id='word_1_534' title='bbox 2621 3080 2710 3110; x_wconf 79' lang='lat' dir='ltr'>esse</span> 
     </span>
     <span class='ocr_line' id='line_1_46' title="bbox 446 3135 2712 3196; baseline 0 -16"><span class='ocrx_word' id='word_1_535' title='bbox 446 3141 679 3196; x_wconf 78' lang='lat' dir='ltr'>cognosset,</span> <span class='ocrx_word' id='word_1_536' title='bbox 709 3137 854 3182; x_wconf 83' lang='lat' dir='ltr'>urbem</span> <span class='ocrx_word' id='word_1_537' title='bbox 870 3139 1091 3195; x_wconf 84' lang='lat' dir='ltr'>reliquisse</span> <span class='ocrx_word' id='word_1_538' title='bbox 1121 3142 1343 3190; x_wconf 79' lang='lat' dir='ltr'>narrasset,</span> <span class='ocrx_word' id='word_1_539' title='bbox 1374 3135 1630 3179; x_wconf 77' lang='lat' dir='ltr'>Plutarchus</span> <span class='ocrx_word' id='word_1_540' title='bbox 1664 3140 1713 3178; x_wconf 86' lang='lat' dir='ltr'>ut</span> <span class='ocrx_word' id='word_1_541' title='bbox 1742 3136 1939 3180; x_wconf 85' lang='lat' dir='ltr'>narrandi</span> <span class='ocrx_word' id='word_1_542' title='bbox 1962 3136 2086 3181; x_wconf 86' lang='lat' dir='ltr'>finem</span> <span class='ocrx_word' id='word_1_543' title='bbox 2106 3138 2259 3181; x_wconf 70' lang='lat' dir='ltr'>faceret</span> <span class='ocrx_word' id='word_1_544' title='bbox 2274 3142 2317 3179; x_wconf 83' lang='lat' dir='ltr'>et</span> <span class='ocrx_word' id='word_1_545' title='bbox 2337 3150 2475 3193; x_wconf 80' lang='lat' dir='ltr'>pauca</span> <span class='ocrx_word' id='word_1_546' title='bbox 2500 3135 2712 3194; x_wconf 74' lang='lat' dir='ltr'>Didymen.</span> 
     </span>
    </p>
   </div>
   <div class='ocr_carea' id='block_1_11' title="bbox 450 3221 572 3228">
    <p class='ocr_par' dir='ltr' id='par_1_11' title="bbox 450 3221 572 3228">
     <span class='ocr_line' id='line_1_47' title="bbox 450 3221 572 3228; baseline 0 470"><span class='ocrx_word' id='word_1_547' title='bbox 450 3221 572 3228; x_wconf 95' lang='lat' dir='ltr'> </span> 
     </span>
    </p>
   </div>
   <div class='ocr_carea' id='block_1_12' title="bbox 664 3221 874 3228">
    <p class='ocr_par' dir='ltr' id='par_1_12' title="bbox 664 3221 874 3228">
     <span class='ocr_line' id='line_1_48' title="bbox 664 3221 874 3228; baseline 0 470"><span class='ocrx_word' id='word_1_548' title='bbox 664 3221 874 3228; x_wconf 95' lang='lat' dir='ltr'> </span> 
     </span>
    </p>
   </div>
   <div class='ocr_carea' id='block_1_13' title="bbox 554 3264 2424 3355">
    <p class='ocr_par' dir='ltr' id='par_1_13' title="bbox 554 3264 2424 3355">
     <span class='ocr_line' id='line_1_49' title="bbox 554 3264 2424 3355; baseline 0.001 -53"><span class='ocrx_word' id='word_1_549' title='bbox 554 3264 599 3312; x_wconf 79' lang='lat'>⁸⁸)</span> <span class='ocrx_word' id='word_1_550' title='bbox 625 3265 731 3313; x_wconf 75' lang='lat' dir='ltr'>mog.</span> <span class='ocrx_word' id='word_1_551' title='bbox 762 3267 793 3309; x_wconf 82' lang='grc' dir='ltr'>ι,</span> <span class='ocrx_word' id='word_1_552' title='bbox 818 3267 873 3303; x_wconf 80' lang='lat'>53.</span> <span class='ocrx_word' id='word_1_553' title='bbox 922 3267 1088 3303; x_wconf 51' lang='lat' dir='ltr'>‹za-6⁷.</span> <span class='ocrx_word' id='word_1_554' title='bbox 2396 3313 2424 3355; x_wconf 77' lang='lat'>4</span> 
     </span>
    </p>
   </div>
  </div>
 </body>
</html>
