2840 3698
695 0 817 19 ρης-,5
835 0 849 1 w

1408 63 1670 110 -5-

396 193 891 254 80wa
903 194 943 249 1,
951 194 1126 238 45—67
1129 197 1158 251 .)
1176 196 1486 255 perlegerimua
1514 196 1561 241 in
1590 210 1643 241 es
1660 192 1947 255 Apollodorus
1966 198 2012 239 et
2029 192 2276 248 Sada-tm,
2305 194 2563 240 Dieuchidas
2576 197 2669 254 qui·

397 256 840 320 hamdan
874 266 1005 310 smel
1034 264 2669 324 tanmmsinguliadhi'bmtmaucququarenihilneputasnoscon·

393 345 561 405 jum
581 328 908 398 pm‘ediscere,
938 338 1182 395 praoeertim
1211 351 1308 381 cum
1338 338 1490 382 ceteris
1519 338 1566 381 in
1595 337 1718 382 h'luis
1747 333 2669 397 ingentemquandamtestinmetmagnam

389 410 567 472 {db
592 412 758 469 partem
792 408 1013 467 Hennippi
1052 413 1191 452 aetate
1232 409 1512 466 posteriorum
1542 407 1860 452 multitudinem
1889 406 2067 466 proferri
2094 404 2347 450 videamus?
2399 406 2531 451 irnmo
2569 422 2668 452 cum

388 483 457 529 Q
470 480 703 541 hocprimo
733 480 843 523 libro
873 484 965 523 tum
996 481 1182 523 maxime
1211 480 1258 523 in
1288 479 1380 523 vita
1408 477 1592 522 Solones
1606 478 1906 536 Hermippeam
1935 478 2235 530 narrationem,
2273 476 2520 521 mutilatam
2547 477 2668 522 illam

391 551 563 611 'quidm
582 555 628 595 et
644 550 771 594 valde
791 550 1040 593 diminutam
1061 549 1135 593 sed
1158 554 1303 593 tamen
1328 549 1479 592 ceteris
1508 549 1733 606 puriorem,
1762 550 1910 606 paucis
1934 548 2117 593 aliorum
2135 546 2439 592 additamentis
2452 547 2670 602 admixtis,

392 627 606 668 “ratam
652 636 741 666 esse
780 635 1008 664 monemur.
1063 634 1163 664 nam
1203 618 1248 674 id
1277 619 1407 664 fixisse
1442 619 1615 663 omnino
1655 620 1927 675 antiquorum
1977 633 2117 663 rerum
2151 619 2405 676 scriptorum
2449 619 2668 677 proprium

211 708 238 719 ‘·
360 694 501 750 ,Μία
524 697 702 744 nonunt,
731 706 828 735 oum
858 691 1045 735 diversos
1074 690 1323 735 adhiberent
1337 694 1530 734 auctores
1561 694 1615 743 et,
1644 689 1990 748 quaeasingulis
2020 688 2181 734 tradita
2196 694 2347 743 essent,
2374 689 2589 743 referrem,
2617 693 2670 734 ut

392 766 508 824 ipsos
537 764 709 808 laudare
739 763 944 815 solerent;
973 762 1047 806 sed
1077 761 1224 815 eidem,
1254 776 1349 805 cum
1380 776 1513 805 unum
1542 759 1805 818 eundemque
1834 764 2049 804 auctorem
2079 761 2250 819 lougius
2263 764 2549 818 sequerentur,
2578 761 2668 819 ejus

393 837 563 879 nomine
613 833 804 878 addendo
849 832 1118 891 supersedere
1162 832 1244 875 sibi
1290 832 1416 876 licere
1460 834 1672 890 putarent.
1747 832 1893 888 itaque
1937 846 2076 875 rerum
2122 831 2303 888 quilibet
2345 832 2527 889 scriptor
2570 845 2669 875 cum

393 907 649 964 plerumque,
678 904 855 948 diversis
884 903 1006 946 libris
1020 902 1230 959 perlectis,
1260 901 1426 946 dive-sa
1455 902 1700 946 auctoribus
1738 901 1884 945 allatis
1913 903 2079 955 referat,
2123 903 2161 945 si
2191 901 2301 945 idem
2332 916 2407 960 per
2434 902 2668 961 longiorem

393 982 557 1035 partem
587 975 847 1019 eontrarium
866 972 1009 1024 faciat,
1024 970 1142 1014 -id
1172 970 1285 1027 quod
1314 973 1360 1014 in
1388 974 1525 1029 primo
1555 973 1678 1027 libro,
1707 971 1759 1016 de
1789 987 1872 1030 quo
1902 974 2080 1030 agimus,
2111 979 2155 1016 et
2185 973 2396 1031 Diogenes
2425 977 2470 1017 et
2498 972 2668 1017 Diocles

394 1046 719 1101 Demetriusque
757 1043 942 1095 faciunt,
983 1065 1039 1072 —
1081 1056 1134 1084 ex
1172 1041 1253 1084 hac
1292 1056 1338 1084 re
1376 1044 1559 1099 primum
1601 1044 1723 1100 quasi
1766 1042 2088 1087 fundamentum
2130 1059 2281 1101 purum
2322 1057 2457 1100 neque
2486 1044 2668 1088 aliorum

392 1114 694 1161 additamentis
734 1117 1078 1171 coagmentatum
1116 1116 1330 1156 servatum
1370 1127 1461 1156 esse
1500 1118 1687 1171 apparet.
1747 1128 1876 1171 quam
1905 1129 1994 1158 rem
2031 1116 2198 1158 etiamsi
2231 1130 2303 1172 per
2332 1129 2377 1158 se
2406 1130 2491 1159 nou
2519 1116 2667 1173 magni

392 1199 484 1231 esse
511 1185 717 1228 momenti
742 1184 897 1241 judico,
937 1188 1080 1227 tamen
1112 1198 1206 1226 cum
1237 1187 1282 1227 et
1310 1184 1354 1226 in
1385 1183 1589 1242 Diogenis
1629 1185 1738 1227 libro
1778 1190 1823 1228 et
1862 1186 1908 1228 in
1937 1184 2160 1228 Plutarchi
2201 1186 2292 1228 vita
2320 1184 2503 1229 Solones
2531 1187 2669 1230 inesse

393 1254 600 1314 quaedam
630 1255 686 1297 ab
711 1254 943 1312 Hermippo
973 1259 1122 1297 exorta
1151 1255 1323 1297 omnino
1354 1254 1529 1308 co'nstet,
1558 1270 1611 1298 ne
1643 1257 1737 1312 quis
1767 1260 1904 1314 neget,
1933 1254 2167 1299 timendum
2199 1271 2283 1299 non
2314 1260 2388 1308 est,
2418 1255 2470 1299 de
2500 1256 2668 1313 quibus-

394 1341 560 1383 cunque
590 1326 773 1383 singulis
802 1325 928 1369 rebus
958 1325 1170 1383 Diogenes
1200 1329 1245 1368 et
1258 1325 1515 1369 Plutarchus
1535 1325 1679 1369 eadem
1710 1328 1905 1381 referant,
1934 1341 2006 1370 eas
2037 1341 2089 1369 ex
2120 1326 2373 1383 Hermippeo
2403 1341 2526 1384 opere
2555 1340 2668 1385 repe-

393 1399 499 1442 titas
529 1411 619 1440 esse
648 1398 835 1440 maxime
865 1411 954 1440 esse
984 1396 1212 1454 probabile.
1272 1400 1401 1453 atque
1429 1397 1539 1440 hanc
1579 1397 1945 1454 probabilitatem,
1984 1398 2022 1440 si
2062 1398 2316 1440 accesserint
2355 1397 2466 1440 aliae
2505 1411 2669 1451 causae,

395 1469 550 1526 quibus
591 1469 636 1510 in
677 1467 851 1511 eandem
882 1468 1137 1511 sententiam
1167 1467 1448 1524 impellamur,
1477 1467 1532 1510 ad
1561 1483 1666 1522 eam,
1696 1484 1803 1526 quae
1834 1469 2005 1512 omnino
2035 1470 2082 1511 in
2111 1469 2235 1511 rebus
2265 1468 2454 1524 antiquis
2483 1482 2667 1525 perscru-

395 1538 539 1582 tandis
569 1553 661 1582 esse
691 1539 836 1596 possit,
865 1537 990 1581 fidem
1021 1552 1070 1581 ac
1101 1538 1324 1580 veritatem
1354 1537 1603 1595 perductum
1633 1540 1687 1582 iri
1718 1545 1834 1596 puto.

511 1609 595 1653 Sed
624 1610 727 1652 haec
757 1610 963 1652 hactenus
994 1609 1043 1652 de
1073 1609 1314 1666 Hermippo.
1371 1609 1443 1665 qui
1484 1613 1626 1652 autem
1656 1614 1849 1653 auctores
1878 1615 2044 1667 praeter
2070 1608 2301 1665 Didymum
2333 1614 2375 1652 et
2391 1609 2668 1667 Hermippum

395 1684 538 1723 aetate
567 1694 711 1723 omnes
742 1681 901 1736 priores
940 1694 966 1721 a
996 1680 1227 1722 Plutarcho
1257 1680 1303 1721 in
1342 1680 1433 1722 vita
1465 1678 1648 1723 Solonea
1687 1681 1938 1723 nominatim
1979 1679 2228 1733 laudantur,
2273 1694 2415 1722 eorum
2457 1693 2667 1737 quoquam

394 1751 535 1808 ipsum
564 1765 687 1793 usum
718 1765 808 1793 esse
833 1749 1105 1808 cogitandum
1136 1765 1221 1793 non
1252 1754 1327 1793 est.
1373 1764 1470 1792 nam
1501 1750 1672 1808 sing-ula
1700 1755 1869 1794 tantum
1900 1765 1952 1794 ex
1983 1752 2043 1794 eis
2073 1751 2207 1803 affert,
2237 1765 2345 1807 quae
2374 1765 2448 1793 cur
2477 1766 2560 1793 non
2590 1754 2669 1794 aut

395 1835 470 1879 per
499 1820 731 1877 Didymum
761 1826 838 1864 aut
868 1835 942 1878 per
956 1821 1234 1878 Hermippum
1263 1820 1423 1864 tradita
1454 1835 1544 1864 esse
1573 1835 1827 1874 censeamus,
1856 1822 1965 1864 nihil
1986 1836 2138 1865 causae
2162 1821 2375 1875 habemus,
2406 1822 2507 1878 quin
2537 1822 2666 1865 etiam

397 1907 472 1949 per
505 1906 577 1935 eos
616 1890 777 1934 tradita
807 1906 897 1934 esse
927 1890 1041 1934 haud
1070 1892 1133 1934 ita
1173 1906 1268 1935 raro
1308 1896 1493 1934 statuere
1533 1906 1645 1935 nexu
1674 1894 1982 1938 sententiarum
2013 1894 2214 1951 cogimur.
2274 1894 2418 1949 itaque
2448 1893 2530 1935 nisi
2561 1893 2668 1935 sorte

396 1962 529 2015 infra,
572 1975 670 2004 cum
709 1962 882 2019 singula
912 1962 1209 2015 tractabimus,
1253 1962 1361 2005 alios
1392 1963 1519 2004 etiam
1550 1963 1795 2019 scriptores,
1835 1978 1939 2020 quos
1978 1979 2063 2006 non
2103 1965 2351 2015 nominavit,
2390 1963 2665 2006 Plutarchum

395 2036 587 2075 secutum
629 2047 719 2075 esse
747 2032 987 2084 viderimus,
1027 2048 1078 2075 ex
1109 2033 1328 2090 Hermippi
1368 2038 1411 2075 et
1442 2032 1614 2088 Didymi
1654 2033 1774 2077 libris
1813 2038 1950 2077 totam
1991 2034 2210 2077 Plutarchi
2253 2034 2386 2077 vitam
2427 2039 2667 2077 contextam

397 2117 487 2146 esse
503 2103 719 2146 Prinzium
750 2118 826 2146 suo
852 2106 946 2160 jure
976 2103 1131 2146 dixisse
1146 2103 1416 2146 statuendum
1448 2102 1625 2146 videtur.
1672 2102 1782 2160 quod
1803 2104 2009 2160 quomodo
2040 2120 2084 2148 se
2114 2105 2278 2157 habeat,
2308 2110 2358 2148 ut
2383 2105 2672 2162 intellegatur,

393 2175 480 2230 jam
512 2174 568 2217 ad
596 2175 765 2232 singula
795 2174 1020 2218 tractanda
1050 2173 1308 2217 accedamus.

516 2244 581 2289 Ac
612 2245 664 2288 de
694 2246 881 2288 fontibus
911 2245 1036 2303 primi
1067 2244 1238 2302 capitis,
1283 2260 1364 2302 quo
1405 2250 1448 2288 et
1489 2244 1539 2288 de
1579 2245 1824 2302 parentibus
1863 2245 2031 2289 Solonis
2070 2246 2162 2303 agit
2201 2251 2350 2289 auctor
2389 2251 2433 2290 et
2462 2244 2671 2302 quomodo

397 2315 625 2359 Pisistrato
670 2331 772 2359 usus
817 2316 874 2359 sit
918 2321 1086 2368 narrat,
1128 2320 1295 2373 praeter
1339 2330 1409 2369 ea,
1454 2330 1561 2372 quae
1590 2316 1844 2359 Plutarchus
1889 2317 1978 2374 ipse
2022 2322 2165 2374 aperte
2210 2316 2351 2370 docet,
2404 2317 2507 2360 certi
2552 2315 2671 2373 quid·

396 2401 523 2443 quam
554 2386 692 2430 afferri
722 2387 796 2429 vix
826 2391 977 2444 potest.
1037 2386 1343 2429 videtur'enim
1374 2386 1485 2429 sicut
1525 2386 1569 2429 in
1609 2386 1814 2443 principio
1854 2386 1969 2430 vitae
1999 2387 2245 2445 Lycurgeae
2275 2388 2557 2443 aliarumque,
2602 2387 2668 2430 ita

397 2458 478 2501 hoc
507 2457 599 2515 ipso
629 2458 723 2501 loco
753 2472 820 2501 res
850 2458 1035 2501 diversas
1065 2472 1117 2501 ex
1148 2457 1321 2500 diversis
1352 2457 1470 2500 libris
1501 2457 1676 2500 haustas
1716 2457 1982 2514 conjunxisse
2012 2458 2303 2515 Didymeaque
2343 2464 2385 2502 et
2414 2458 2670 2515 Hermippea

395 2523 508 2572 inter
546 2543 592 2572 se
633 2528 954 2572 commiscuisse.
1030 2528 1158 2571 verba
1188 2527 1295 2571 enim
1327 2528 1404 2570 illa
1448 2525 1496 2571 ἐν
1538 2515 1563 2586 ᾖ
1604 2525 1678 2570 τὸν
1708 2524 1881 2571 Σόλωνα
1925 2526 2084 2584 πατρὸς
2115 2525 2386 2585 Εὐφορίωνος
2431 2524 2666 2584 ἀποφαίνει

396 2597 515 2657 παρὰ
544 2596 620 2658 τὴν
649 2601 733 2643 τῶν
762 2597 901 2643 ἄλλων
930 2596 1064 2652 δόξαν,
1096 2596 1187 2642 ὅσοι
1204 2603 1432 2656 μέμνηνται
1455 2595 1644 2648 Σόλωνος
1658 2597 1908 2642 documento
1927 2605 2047 2643 sunt:
2078 2601 2204 2643 etiam
2221 2614 2283 2653 ea,
2311 2613 2418 2656 quae
2433 2604 2670 2655 sequuntur

397 2677 530 2726 usque
558 2670 613 2714 ad
643 2667 864 2723 ἀνέκαθεν,
896 2684 948 2713 ex
978 2669 1152 2727 Didymi
1182 2669 1288 2713 libro
1319 2683 1409 2713 esse
1440 2669 1671 2727 desumpta.
1722 2668 1832 2725 quod
1852 2683 1950 2713 vero
1980 2670 2035 2713 ad
2065 2670 2193 2714 verba
2211 2675 2341 2725 μέσος
2370 2670 2452 2713 τῶν
2481 2670 2668 2713 naht&

398 2735 525 2797 οὖσίᾳ
567 2741 638 2784 καὶ
683 2738 861 2796 δυνάμει
907 2741 1083 2793 attinet,
1133 2741 1234 2783 haec
1276 2740 1503 2796 Didymum
1544 2740 1599 2783 ab
1629 2740 1859 2783 Aristotele
1889 2740 2130 2798 repetivisse
2169 2740 2368 2798 suspicor,
2397 2739 2469 2796 qui
2497 2737 2667 2784 Solonis

402 2810 592 2855 carmina
633 2818 805 2856 secutus
851 2811 995 2855 eadem
1040 2810 1226 2855 tradidit.
1244 2810 1298 2864 ω)
1358 2810 1531 2854 eandem
1572 2815 1711 2854 autem
1752 2810 1920 2854 Solonis
1958 2808 2186 2869 μεσότητα,
2227 2825 2333 2868 quae
2364 2809 2538 2863 dicitur,
2568 2823 2665 2854 cum

398 2880 528 2925 etiam
567 2881 842 2941 Hermippum
884 2882 1143 2941 praedicasse
1183 2882 1305 2939 idque
1337 2882 1416 2933 ita,
1446 2886 1495 2924 ut
1527 2894 1617 2924 earn
1650 2896 1732 2923 non
1763 2881 1899 2924 solum
1931 2882 1972 2924 in
2003 2897 2048 2925 re
2078 2881 2275 2925 familiari
2304 2881 2541 2938 civiumque
2568 2895 2666 2925 auc·

399 2951 586 3006 toritate,
615 2953 688 2997 sed
716 2954 846 2998 etiam
876 2955 921 2997 in
960 2954 1145 2998 moribus
1175 2953 1340 2996 Solonis
1371 2950 1614 3010 apparuisse
1644 2950 1820 3005 diceret,
1852 2950 1962 2995 infra
1986 2950 2347 2995 demonstraturus
2376 2951 2467 3004 sim,
2509 2950 2590 2995 hac
2617 2966 2666 2996 re

517 3162 563 3209 ¹¹)
584 3161 741 3201 Armot.
765 3164 845 3203 Por.
861 3166 897 3208 4,
925 3167 978 3203 11.
1003 3174 1040 3213 p.
1070 3166 1170 3203 1290.
1196 3177 1231 3212 p.
1260 3164 1319 3201 18:
1369 3157 1544 3211 σημεῖον
1562 3151 1608 3195 δὲ
1628 3153 1695 3195 δεῖ
1711 3152 1893 3206 νομίζειν
1912 3152 1982 3195 καὶ
2001 3148 2050 3195 τὸ
2069 3148 2165 3201 τοὺς
2182 3151 2666 3207 &limmat

396 3217 506 3268 οδω
533 3225 616 3267 τῶν
644 3227 787 3279 μέσση
814 3227 1010 3270 nomen.
1073 3222 1216 3270 Σόλων
1245 3240 1290 3268 τε
1322 3222 1398 3280 γὰρ
1430 3217 1481 3281 ἦν
1510 3220 1674 3266 τούτων.
1735 3223 1855 3279 δηλοῖ
1881 3220 1964 3266 δ’ᾰκ
1992 3222 2064 3279 τῆς
2094 3219 2312 3278 ποιήσεως.
